1844 3178
232 334 287 375 20
762 345 898 378 LIBER
927 345 1161 386 ANTIQUUS

783 539 1129 633 „igsszhefnrhss

879 649 969 704 [Fo.
996 649 1072 704 ctu]

316 729 555 763 HAGENES.
593 723 747 761 Vicaria
774 723 817 760 in
844 723 1001 761 ecclesia
1029 723 1077 761 de
1097 723 1276 772 Hagenes
1306 736 1381 773 que
1410 727 1467 762 est
1495 724 1632 774 prioris
1659 727 1698 762 et

233 777 457 814 monialium
488 776 536 813 de
564 775 808 815 Chikessand
836 777 1061 815 auctoritate
1089 777 1243 814 concilii
1262 777 1438 815 ordinata
1456 782 1513 816 est
1532 779 1574 816 in
1593 778 1697 816 hunc

232 830 400 868 modum.
432 829 609 868 Vicarius
621 830 781 868 habebit
793 830 949 868 nomine
961 831 1101 868 vicarie
1116 843 1182 868 sue
1194 834 1321 868 totum
1335 831 1560 881 altaragium
1573 836 1698 881 preter

231 884 357 922 linum
384 883 580 922 reddendo
607 885 700 922 inde
732 885 850 934 priori
880 884 1052 935 predicto
1082 897 1136 922 xv
1166 885 1318 923 solidos.
1379 885 1550 923 Habebit
1579 886 1698 924 eciam

231 938 401 976 minutas
420 938 586 975 decimas
613 938 661 976 de
690 938 883 976 dominico
912 938 1060 976 domini
1086 938 1179 976 ville
1207 938 1384 977 similiter
1411 952 1498 977 cum
1518 940 1698 978 omnibus

232 992 319 1030 aliis
338 992 499 1029 minutis
519 992 677 1030 decimis
704 993 824 1031 totius
851 992 1030 1042 parochie
1058 995 1096 1029 et
1123 992 1289 1030 decimas
1317 992 1365 1030 de
1383 994 1574 1043 pannagio
1594 997 1632 1031 et
1650 994 1699 1031 de

231 1058 344 1095 parco
363 1046 486 1095 ipsius
505 1045 664 1084 domini.
722 1047 831 1084 Prior
858 1051 987 1084 autem
1014 1046 1235 1095 providebit
1263 1046 1366 1084 dicto
1393 1047 1535 1085 vicario
1554 1047 1698 1085 toftum

233 1103 272 1137 et
300 1101 429 1137 omnia
458 1112 573 1137 onera
604 1101 726 1149 ipsius
758 1100 914 1138 ecclesie
946 1100 1164 1138 sustinebit.
1224 1100 1274 1137 Et
1306 1101 1410 1139 valet
1437 1101 1578 1139 vicaria
1604 1101 1699 1151 iiij0r

233 1153 345 1191 marc'
364 1153 470 1192 total'
491 1154 647 1192 ecclesia
666 1155 721 1204 xij
743 1154 865 1192 marc'.

315 1267 520 1301 ΡΡΙ.ΙΤΤΕ.
558 1261 714 1300 Vicaria
726 1262 769 1299 in
784 1262 940 1300 ecclesia
952 1261 999 1299 de
1011 1261 1132 1299 Flitte
1147 1274 1234 1300 cum
1249 1262 1394 1312 capella
1408 1262 1455 1300 de
1469 1261 1698 1301 Suiuelesho

233 1328 307 1365 que
327 1319 384 1352 est
406 1315 597 1353 abbatisse
626 1319 664 1354 et
695 1316 922 1353 monialium
955 1315 1003 1353 de
1030 1315 1265 1353 Aunestowe
1293 1317 1517 1354 auctoritate
1545 1317 1700 1354 concilii

233 1369 409 1407 ordinata
427 1372 485 1406 est
503 1370 545 1407 in
565 1370 669 1408 1111116
689 1370 857 1408 modum.
915 1369 1092 1407 'Vicarius
1120 1369 1280 1408 habebit
1298 1371 1453 1408 nomine
1471 1371 1612 1409 vicarie
1632 1383 1698 1408 sue

231 1426 359 1460 totum
379 1423 604 1472 altaragium
622 1424 791 1462 matricis
811 1423 967 1462 ecclesie
987 1427 1025 1461 et
1045 1424 1188 1474 capelle
1208 1436 1293 1462 cum
1314 1437 1445 1462 manso
1465 1425 1700 1474 competenti

233 1480 272 1515 et
290 1490 368 1514 una
387 1490 471 1514 acra
498 1478 540 1515 in
567 1491 646 1516 uno
675 1491 808 1528 campo
837 1481 875 1515 et
907 1478 982 1515 alia
1014 1491 1099 1516 acra
1126 1479 1168 1515 in
1196 1478 1272 1516 alio
1301 1491 1444 1528 campo.
1504 1479 1556 1524 Et
1576 1479 1700 1517 solvet

232 1531 398 1569 vicarius
430 1531 619 1570 sinodalia
651 1535 805 1570 tantum
837 1531 1023 1570 moniales
1062 1544 1151 1570 vero
1188 1531 1405 1581 hospicium
1441 1532 1699 1571 archidiaconi

233 1585 503 1635 procurabunt.
560 1586 613 1624 Et
632 1589 723 1624 sunt
742 1586 799 1624 ibi
817 1586 1019 1624 necessarii
1039 1585 1116 1624 duo
1136 1586 1333 1636 capellani.

313 1700 535 1734 WESTON.
572 1694 728 1732 Vicaria
762 1694 805 1732 in
842 1693 998 1732 ecclesia
1024 1694 1073 1732 de
1101 1693 1263 1732 Weston
1296 1707 1371 1744 que
1403 1697 1461 1733 est
1493 1695 1700 1734 earundem

234 1746 426 1786 abbatisse
445 1753 485 1786 et
502 1748 729 1786 monialium
752 1745 911 1800 [blank]

316 1861 694 1896 PULLOKESHUL.
731 1855 886 1893 Vicaria
913 1856 955 1893 in
983 1855 1139 1893 ecclesia
1167 1855 1214 1893 de
1241 1856 1513 1894 Pullokeshull
1540 1869 1615 1906 que
1643 1861 1700 1895 est

235 1909 371 1958 prioris
386 1911 424 1945 et
439 1912 651 1947 conventus
664 1909 921 1959 Dunestapell
935 1910 1160 1947 auctoritate
1173 1910 1326 1947 concilii
1338 1911 1513 1948 ordinata
1525 1911 1700 1949 consistit

234 1964 276 2000 in
295 1967 376 2000 toto
397 1962 577 2012 altaragio
600 1963 705 2001 illius
724 1964 879 2002 ecclesie
907 1967 945 2002 et
972 1964 1014 2001 in
1043 1976 1069 2000 x
1097 1964 1193 2001 acris
1222 1968 1319 2002 terre
1340 1968 1377 2002 et
1396 1965 1438 2002 in
1457 1965 1573 2002 tercia
1593 1969 1699 2014 parte

237 2017 382 2054 decime
420 2017 621 2066 garbarum
659 2018 779 2056 totius
815 2018 908 2056 ville
944 2021 1070 2066 preter
1106 2030 1220 2066 quam
1258 2018 1306 2055 de
1342 2018 1454 2056 feodo
1493 2019 1700 2057 Willielmi

236 2070 425 2108 Wilcardi
443 2074 481 2108 et
497 2071 657 2109 Henrici
672 2071 865 2121 Buignun.
924 2071 977 2109 Et
991 2071 1116 2109 solvet
1135 2072 1299 2109 vicarius
1318 2072 1506 2110 sinodalia
1526 2073 1700 2110 canonici

236 2137 327 2162 vero
352 2124 569 2174 hospicium
596 2125 871 2163 Archidiaconi
897 2125 1165 2175 procurabunt.
1238 2126 1402 2176 Reliqua
1430 2130 1559 2164 autem
1587 2139 1701 2165 onera

237 2178 368 2216 debita
396 2182 435 2216 et
465 2182 645 2217 consueta
674 2182 755 2217 tam
788 2181 960 2218 canonici
991 2192 1107 2230 quam
1136 2179 1301 2218 vicarius
1330 2193 1399 2230 pro
1426 2181 1604 2230 porcione
1632 2193 1700 2219 sua

236 2232 495 2272 sustinebunt.

316 2346 584 2381 SALEFORD.
622 2340 776 2379 Vicaria
794 2341 836 2378 in
864 2340 1020 2379 ecclesia
1047 2341 1095 2378 de
1115 2341 1289 2379 Saleford
1317 2353 1392 2390 que
1420 2344 1477 2379 est
1504 2341 1641 2391 prioris
1661 2345 1699 2380 et

239 2397 452 2432 conventus
464 2394 511 2431 de
524 2394 565 2432 N
566 2394 764 2432 ewenham
778 2395 1004 2433 auctoritate
1019 2395 1171 2432 concilii
1183 2395 1358 2432 ordinata
1372 2396 1545 2433 consistit
1561 2396 1603 2433 in
1616 2399 1700 2434 toto

238 2447 419 2497 altaragio
439 2451 477 2486 et
495 2448 536 2485 in
555 2461 633 2486 una
660 2449 808 2499 virgata
834 2452 932 2487 terre
959 2449 1078 2486 libere
1106 2452 1145 2486 et
1173 2449 1353 2486 omnibus
1381 2449 1539 2487 decimis
1557 2449 1638 2487 feni
1660 2453 1699 2487 et

238 2501 324 2539 aliis
356 2502 500 2539 dictam
532 2502 728 2540 ecclesiam
760 2503 1072 2552 contingentibus
1104 2505 1230 2552 preter
1260 2503 1394 2552 garbas
1427 2506 1465 2540 et
1497 2504 1539 2540 in
1566 2516 1700 2541 manso

238 2558 480 2604 competente
493 2568 562 2605 pro
582 2569 658 2605 quo
678 2557 842 2594 vicarius
856 2557 990 2595 reddet
1005 2570 1031 2595 v
1045 2556 1187 2595 solidos
1202 2557 1293 2605 quia
1306 2569 1385 2594 non
1400 2559 1457 2594 est
1473 2557 1519 2595 de
1532 2557 1698 2596 ecclesia.

239 2609 350 2647 Dicti
369 2622 459 2648 vero
479 2610 655 2648 canonici
673 2611 802 2649 omnia
820 2624 934 2649 onera
951 2611 1073 2660 ipsius
1093 2610 1248 2648 ecclesie
1267 2610 1528 2649 sustinebunt.

321 2724 611 2758 HlSSEBURN.
648 2717 802 2757 Vicaria
820 2719 863 2756 111
891 2718 1047 2756 ecclesia
1073 2718 1121 2756 de
1142 2718 1358 2756 Hisseburn
1385 2731 1459 2767 que
1488 2720 1546 2755 est
1564 2718 1701 2767 prioris

240 2773 279 2808 et
298 2774 511 2809 conventus
540 2771 588 2809 de
606 2771 862 2822 Dunestapell
889 2772 1115 2810 auctoritate
1142 2772 1297 2810 concilii
1325 2772 1500 2810 ordinata
1525 2772 1701 2810 consistit

240 2825 383 2863 1111010
403 2825 584 2875 altaragio
612 2838 699 2863 cum
728 2827 849 2865 crofta
882 2830 921 2864 et
953 2829 1062 2876 prato
1090 2839 1139 2864 ex
1165 2829 1273 2875 parte
1300 2825 1466 2864 australi.
1523 2825 1701 2864 Vicarius

237 2881 366 2916 autem
385 2879 508 2917 solvet
535 2879 723 2918 sinodalia
749 2884 903 2919 tantum
936 2883 974 2918 et
1006 2880 1180 2918 canonici
1213 2880 1341 2918 omnia
1368 2880 1443 2919 alia
1463 2892 1577 2917 onera
1596 2879 1699 2918 (11616

239 2933 394 2972 ecclesie
413 2933 670 2973 sustinebunt.
