1844 3178
724 353 928 387 HUGONIS
966 354 1130 388 WELLS.
1614 347 1665 386 53

210 465 259 490 ex
287 454 393 501 parte
421 452 517 490 dicti
545 452 721 502 Magistri
740 452 803 490 W.
825 452 873 490 de
892 451 1135 490 Brancewell.
1194 452 1372 489 Vicarius
1393 456 1522 490 autem
1544 455 1668 493 solvet

210 506 411 543 annuatim
430 506 698 544 tantummodo
717 506 916 555 synodalia
943 509 982 542 et
1008 505 1170 555 predicti
1188 505 1321 543 fratres
1340 508 1379 543 et
1398 506 1582 555 Magister
1601 509 1663 547 W.

211 559 259 597 (16
279 559 514 597 Brancewell
531 560 868 609 proporcionaliter
886 560 1146 609 procurabunt
1170 558 1387 609 hospicium
1412 560 1669 600 archidiaconi

210 617 249 650 et
281 616 404 651 cetera
437 626 551 651 onera
584 617 663 651 tam
696 613 886 651 ordinaria
913 625 1029 662 quam
1056 613 1356 651 extraordinaria
1376 613 1418 651 in
1441 620 1669 664 perpetuum

211 667 470 706 sustinebunt.
528 668 580 705 Et
599 672 655 705 est
674 667 815 705 vicaria
832 667 875 704 lx
893 666 1112 704 solidorum.

291 780 555 815 GOLKESBY
589 772 823 827 [Goulceby]
881 774 1034 812 Vicaria
1078 774 1120 811 in
1167 774 1322 812 ecclesia
1375 775 1423 812 de
1469 775 1668 827 Golkesby

211 828 385 865 consistit
404 828 446 865 in
466 831 547 865 toto
576 827 754 877 altaragio
782 831 821 866 et
848 828 891 865 in
909 827 1067 865 decimis
1085 828 1286 877 garbarum
1304 828 1422 866 trium
1441 829 1668 868 bovatarum

209 885 308 919 terre
336 881 384 919 (16
410 881 522 919 feodo
550 882 591 919 N
592 882 731 919 icholai
759 882 807 919 de
835 881 1005 920 Catedal'
1031 882 1074 919 in
1101 881 1234 919 eadem
1260 882 1379 921 villa:
1406 885 1444 920 et
1463 883 1670 933 Templarii

210 935 468 984 procurabunt
485 935 700 985 hospicium
723 935 997 973 Archidiaconi
1023 938 1063 973 et
1091 939 1212 974 cetera
1239 948 1353 974 onera
1380 940 1459 974 tam
1479 938 1669 976 ordinaria

209 1001 326 1038 quam
371 989 667 1027 extraordinaria
702 989 950 1027 sustinebunt
985 992 1110 1039 preter
1155 990 1355 1039 synodalia
1391 1004 1465 1040 que
1503 992 1669 1030 vicarius

209 1043 477 1081 tantummodo
510 1043 633 1081 solvet
670 1043 881 1090 annuatim,
921 1045 959 1081 et
995 1043 1256 1093 providebunt
1292 1045 1433 1083 vicario
1469 1045 1517 1083 de
1555 1046 1666 1085 tofto.

209 1096 262 1134 Et
290 1101 347 1134 est
374 1100 467 1134 tunc
486 1097 626 1135 vicaria
644 1096 685 1134 lx
704 1097 924 1135 solidorum.

289 1210 588 1245 WILEGETON.
625 1204 778 1242 Vicaria
805 1204 846 1241 in
869 1204 1025 1242 ecclesia
1052 1204 1100 1242 de
1118 1204 1339 1254 Wilegeton
1358 1207 1467 1255 cujus
1485 1207 1670 1245 medietas

211 1262 268 1297 est
286 1258 495 1296 eorundem
515 1259 582 1297 &c.
640 1258 699 1297 Ut
717 1258 941 1296 irrotulatur
959 1259 1002 1296 in
1019 1258 1346 1297 Archidiaconatu
1366 1260 1494 1299 Stow’.

292 1375 516 1409 κιΒκΕΒΥ.
565 1365 718 1404 Vicaria
744 1366 788 1403 in
815 1365 971 1404 ecclesia
999 1366 1046 1403 de
1074 1366 1254 1416 Kirkeby
1281 1380 1356 1416 que
1383 1370 1440 1405 est
1467 1367 1603 1417 prioris
1632 1371 1670 1406 et

208 1420 345 1470 prioris
365 1423 403 1457 et
422 1422 634 1458 conventus
666 1419 713 1457 de
741 1419 955 1468 Turgarton
984 1420 1159 1458 consistit
1186 1420 1229 1458 in
1255 1423 1338 1458 toto
1374 1421 1554 1471 altaragio
1583 1434 1671 1459 cum

209 1474 308 1512 tofto
327 1474 555 1522 assignando
575 1476 613 1511 et
630 1473 671 1511 in
693 1473 851 1511 decimis
864 1474 1065 1523 garbarum
1077 1474 1237 1522 triginta
1255 1478 1294 1512 et
1312 1475 1427 1512 unius
1446 1476 1671 1513 bovatarum

209 1531 306 1566 terre
337 1527 473 1565 eodem
503 1527 618 1565 modo
652 1540 728 1577 quo
762 1527 1005 1576 Augustinus
1036 1528 1164 1565 tenuit
1190 1528 1233 1565 in
1252 1528 1334 1566 vita
1352 1542 1421 1566 sua
1443 1533 1482 1567 ct
1508 1529 1672 1579 predicti

209 1582 312 1631 prior
345 1584 383 1619 et
416 1584 629 1619 conventus
662 1581 921 1630 procurabunt
953 1581 1170 1630 hospicium
1202 1582 1459 1621 archidiaconi
1492 1588 1530 1621 et
1551 1587 1673 1622 cetera

211 1648 326 1674 onera
345 1635 592 1673 sustinebunt
610 1638 736 1684 preter
753 1635 954 1684 synodalia
972 1648 1047 1685 que
1065 1635 1230 1674 vic-arius
1258 1636 1382 1675 solvet
1403 1638 1672 1675 tantummodo

211 1689 421 1728 annuatim.

292 1805 560 1840 εοΑΡΕννικ,
615 1796 770 1834 Vicaria
787 1797 830 1834 in
849 1796 1006 1834 ecclesia
1024 1796 1072 1834 de
1091 1796 1262 1847 Scapwic
1285 1811 1360 1847 que
1384 1801 1442 1836 est
1464 1799 1672 1837 eorundem

212 1851 389 1889 consistit
420 1851 462 1887 in
494 1853 576 1888 toto
609 1850 789 1900 altaragio
822 1863 910 1888 cum
929 1850 1028 1888 tofto
1048 1851 1223 1899 proximo
1242 1853 1341 1890 tofto
1375 1853 1526 1890 Mathei
1545 1853 1673 1891 clerici

213 1917 345 1943 versus
365 1907 537 1942 austrum
556 1907 594 1941 et
612 1905 656 1942 in
669 1917 747 1942 una
761 1917 886 1942 marca
899 1905 941 1941 in
955 1908 1057 1942 certa
1070 1906 1250 1954 porcione
1263 1906 1492 1955 assignanda
1507 1921 1515 1944 :
1544 1910 1582 1944 et
1598 1907 1672 1956 ipsi

213 1959 316 2008 prior
345 1962 383 1996 et
417 1961 631 1996 conventus
662 1958 923 2008 procurabunt
955 1958 1171 2008 hospicium
1204 1959 1462 1998 archidiaconi
1494 1964 1532 1998 et
1551 1964 1674 1998 cetera

213 2025 328 2051 onera
347 2012 595 2050 sustinebunt
613 2016 738 2062 preter
756 2012 957 2062 synodalia
975 2024 1050 2062 que
1068 2012 1233 2051 vicarius
1252 2014 1377 2052 solvet
1403 2014 1672 2053 tantummodo

213 2067 423 2105 annuatim.
481 2066 533 2104 Et
552 2069 611 2105 est
628 2066 769 2105 vicaria
787 2079 814 2104 v
831 2078 1056 2105 marcarum.

293 2183 628 2218 τιΜΒΕΒι-υκι),
683 2173 837 2212 Vicaria
867 2174 910 2211 in
946 2174 1103 2212 ecclesia
1134 2174 1182 2212 de
1214 2174 1467 2213 Timberlund
1504 2189 1578 2225 que
1616 2181 1673 2214 est

214 2228 419 2266 eorundem
441 2228 617 2265 consistit
634 2227 676 2265 111
693 2228 810 2266 tercia
828 2231 935 2278 parte
954 2228 1075 2266 totius
1090 2228 1245 2266 ecclesie
1264 2233 1302 2267 et
1317 2230 1525 2268 sustinebit
1544 2231 1673 2268 omm'a

215 2295 340 2321 onera.
397 2282 449 2320 Et
467 2285 524 2320 est
542 2282 684 2320 vicaria
702 2295 770 2320 sex
787 2294 999 2320 marcarum
1018 2285 1057 2320 et
1075 2295 1119 2320 6ο
1137 2283 1312 2333 amplius.

295 2398 576 2433 ΒΑΒΤΗΟΝΑ,
631 2390 785 2428 Vicaria
802 2391 845 2428 in
863 2391 1020 2428 66616616
1038 2390 1086 2428 (16
1101 2390 1284 2428 Barthon'
1300 2403 1374 2440 que
1394 2393 1450 2428 est
1469 2391 1619 2429 abbatis
1634 2395 1673 2429 et

214 2447 427 2482 conventus
454 2444 503 2481 (16
529 2443 731 2494 Bardenay
759 2444 934 2482 consistit
961 2446 1004 2482 in
1030 2447 1112 2482 toto
1140 2444 1323 2494 altaragio
1355 2445 1551 2482 reddendo
1580 2446 1672 2482 inde

214 2498 415 2536 annuatim
442 2501 606 2547 quatuor
632 2511 776 2536 marcas
803 2498 951 2547 argenti
979 2498 1092 2536 dictis
1119 2498 1250 2536 abbati
1278 2501 1317 2536 et
1344 2499 1562 2537 conventui.
1621 2500 1674 2537 Et

214 2552 380 2590 vicarius
408 2551 567 2589 habebit
595 2552 833 2601 capellanum
862 2550 931 2604 [fo.
965 2551 1047 2605 162]
1079 2553 1224 2590 socium
1252 2556 1290 2590 et
1317 2553 1440 2590 solvet
1472 2553 1673 2590 annuatim

215 2606 482 2644 tantummodo
515 2605 726 2655 synodalia,
760 2609 798 2644 et
836 2606 912 2656 ipsi
950 2606 1068 2644 abbas
1098 2610 1137 2643 et
1164 2610 1377 2644 conventus
1414 2607 1674 2655 procurabunt

214 2660 430 2709 hospicium
449 2659 706 2697 archidiaconi
724 2663 763 2698 et
782 2663 906 2698 cetera
924 2673 1039 2699 onera
1057 2660 1314 2699 sustinebunt.
1385 2660 1438 2698 Et
1457 2664 1515 2699 est
1533 2661 1675 2699 vicaria

214 2714 254 2763 vj
274 2726 486 2752 marcarum
505 2716 543 2752 et
562 2726 605 2751 eo
624 2714 799 2764 amplius.

295 2830 601 2865 SKENDELBY.
664 2821 820 2860 Vicaria
855 2821 898 2859 in
934 2821 1090 2860 ecclesia
1135 2821 1184 2859 (16
1230 2821 1456 2872 Skendelby
1496 2835 1571 2872 que
1616 2825 1675 2860 est

215 2876 424 2913 eorundem
443 2875 618 2912 consistit
648 2875 691 2912 in
711 2875 890 2913 omnibus
910 2875 1173 2914 oblacionibus
1201 2876 1331 2914 altaris
1357 2879 1394 2914 et
1413 2876 1456 2913 in
1475 2879 1557 2914 tota
1575 2879 1674 2914 terra

216 2930 407 2968 dominica
425 2929 546 2978 ipsius
566 2929 719 2967 ecclesie
739 2932 776 2966 et
790 2930 831 2967 in
846 2930 993 2968 decima
1007 2931 1127 2968 totius
1141 2930 1227 2968 lane
1246 2939 1285 2968 et
1304 2931 1474 2968 omnium
1491 2943 1672 2980 agnorum
