1844 3178
202 344 257 385 88
733 355 870 389 LIBER
899 355 1136 396 ANTIQUUs

200 455 325 493 Juxta
352 466 468 504 quam
495 453 755 503 provisionem
783 453 886 492 idem
905 453 1087 492 Officialis
1115 455 1245 491 noster
1273 453 1323 492 ad
1341 453 1666 504 presentacionem

201 509 392 547 dictorum
407 508 543 558 prioris
558 511 596 545 et
610 507 892 545 Canonicorum
906 511 944 546 et
957 508 1189 546 Monialium
1202 507 1413 546 Gerardum
1425 509 1666 558 capellanum

200 563 251 601 ad
286 563 498 613 predictam
534 561 714 599 vicariam
753 574 779 599 v
816 562 983 612 partium
1024 561 1179 599 ecclesie
1217 561 1265 599 de
1301 562 1474 600 Amewic
1510 562 1667 600 admisit

199 617 404 667 ipsumque
423 616 466 653 in
484 615 617 653 eadem
636 615 821 653 vicarium
841 619 1069 666 perpetuum
1080 615 1253 653 instituit
1266 615 1489 665 dictumque
1502 617 1667 666 priorem

200 673 239 709 et
273 673 507 709 conventum
540 669 588 706 de
621 669 869 707 Haverholm'
900 669 951 707 ad
986 669 1207 719 porcionem
1243 682 1318 718 que
1354 669 1458 719 ipsos
1493 671 1591 708 sicut
1623 670 1666 707 in

200 724 443 762 ordinacione
463 724 690 773 premissum
710 726 766 761 est
786 723 976 773 contingit
994 723 1161 761 admisit.
1221 723 1305 761 Nos
1318 724 1438 773 igitur
1455 724 1667 773 predictam

200 779 457 828 provisionem
474 780 512 815 et
527 777 811 815 ordinacionem
822 778 865 815 in
876 776 1057 827 predictis
1070 790 1095 815 v
1107 777 1281 826 partibus
1293 777 1449 816 ecclesie
1460 781 1668 815 memorate

201 833 248 870 (16
268 831 382 885 A[f0.
407 829 651 880 271³]mesw10
681 830 767 882 (sie)
787 844 809 869 a
835 831 1006 880 predicto
1029 831 1193 869 Officiali
1219 834 1350 869 nostro
1377 831 1518 870 factam
1545 835 1668 869 ratam

199 886 386 925 habentes
407 888 444 923 et
462 888 609 935 gratam
629 898 712 923 eam
732 886 958 923 auctoritate
976 885 1182 935 episcopali
1204 885 1482 924 confirmamus.
1541 885 1668 924 Salvis

199 941 242 978 in
278 940 459 978 omnibus
496 939 562 977 &a
622 939 712 976 Hiis
748 939 929 977 Testibus
964 939 1112 977 Thema
1149 939 1197 977 de
1233 939 1438 977 Fiskerton
1471 939 1667 989 capellano

199 994 383 1032 canonico
417 992 537 1041 Linc',
568 993 754 1043 Magistro
788 993 1001 1031 Willielmo
1035 994 1083 1031 de
1115 992 1236 1041 Linc’,
1267 993 1465 1043 Stephano
1495 993 1543 1030 (16
1574 992 1666 1041 Cic‘,

199 1048 364 1086 Ricardo
384 1047 432 1085 de
453 1046 577 1085 Oxon'
598 1050 637 1085 et
656 1047 813 1085 Olivero
841 1048 890 1085 de
910 1047 1088 1096 Chesney
1108 1047 1253 1085 clericis
1282 1052 1320 1085 et
1338 1048 1433 1086 aliis.
1491 1047 1581 1085 Dat'
1600 1060 1669 1097 per

199 1156 448 1206 pontificatus
467 1156 590 1193 nostri
609 1168 711 1193 anno
731 1168 845 1194 nono.

283 1273 351 1306 ωε.
372 1273 434 1306 ΒΕ
455 1272 735 1307 ΜΕΟΙΕΤΑΤΕ
754 1263 900 1302 ecclesie
922 1265 968 1302 de
986 1264 1182 1313 Aletlzorp.

280 1317 484 1356 Universis
517 1316 585 1355 810.
645 1318 809 1355 Noverit
840 1318 1072 1356 universitas
1106 1322 1233 1357 vestra
1264 1331 1335 1357 nos
1363 1318 1411 1357 de
1439 1331 1596 1357 assensu
1618 1318 1665 1357 R.

199 1372 349 1410 Decani
368 1375 406 1409 et
425 1370 598 1421 Capituli
632 1372 754 1409 nostri
786 1371 894 1409 Linc'
915 1372 1049 1411 divine
1078 1373 1232 1422 pietatis
1265 1373 1413 1411 intuitu
1446 1373 1597 1411 dedisse
1629 1376 1668 1411 et

199 1425 427 1464 concessisse
460 1425 594 1462 domui
627 1425 830 1475 hospitalis
865 1426 902 1465 S.
945 1427 1052 1465 Petri
1086 1427 1133 1465 de
1165 1427 1280 1465 Ebor'
1314 1427 1410 1465 duos
1446 1427 1589 1465 solidos
1625 1427 1668 1465 in

198 1480 404 1518 medietate
440 1479 596 1520 ecclesie
633 1480 681 1517 de
718 1480 908 1530 Alethorp
945 1493 1020 1530 que
1058 1481 1106 1518 de
1152 1494 1282 1519 eorum
1320 1484 1378 1519 est
1414 1481 1669 1519 advocacione

199 1535 401 1572 annuatim
433 1534 590 1571 nomine
622 1535 799 1584 perpetui
832 1534 1009 1573 beneficii
1036 1535 1302 1584 percipiendos
1329 1548 1398 1585 per
1424 1548 1561 1573 manus
1581 1535 1668 1573 Ade

197 1601 358 1638 persone
377 1587 548 1638 ejusdem
569 1588 786 1626 medietatis
806 1592 844 1627 et
863 1602 1122 1627 successorum
1150 1602 1305 1627 suorum
1325 1590 1393 1640 qui
1410 1603 1479 1640 pro
1497 1592 1668 1639 tempore

199 1643 345 1680 fuerint
381 1643 425 1680 in
462 1642 605 1679 eadem.
674 1642 800 1681 Salvis
836 1643 880 1680 in
916 1644 1096 1681 omnibus
1132 1643 1199 1682 &c
1262 1644 1314 1681 Et
1351 1647 1395 1682 ut
1431 1644 1502 1682 hec
1539 1648 1669 1682 nostra

200 1696 392 1735 concessio
419 1699 643 1746 perpetuam
672 1697 846 1735 obtineat
872 1697 1093 1735 firmitatem
1122 1699 1292 1747 presenti
1323 1698 1464 1748 scripto
1497 1698 1666 1748 sigillum

198 1754 373 1788 nostrum
412 1763 491 1788 una
528 1763 616 1787 cum
653 1751 780 1799 sigillo
819 1750 991 1800 Capituli
1028 1751 1136 1789 Linc’
1164 1752 1346 1790 duximus
1382 1753 1669 1802 apponendum.

199 1805 289 1842 Hiis
308 1805 487 1842 Testibus
518 1803 563 1843 R.
588 1804 756 1852 Decano,
780 1805 957 1844 Galfrido
986 1806 1225 1853 Precentore,
1246 1806 1394 1856 Rogero
1418 1806 1665 1854 Cancellario,

201 1859 416 1908 Reginaldo
433 1858 673 1906 Subdecano,
688 1859 785 1897 Rob.
795 1859 843 1897 de
857 1859 897 1897 N
900 1859 1145 1909 orthampton
1151 1889 1160 1907 ,
1173 1860 1393 1898 Reimundo
1408 1860 1540 1908 Leirc',
1554 1861 1666 1898 Alex.

201 1912 405 1959 Bedeford,
418 1912 446 1951 J
448 1913 600 1950 ohanne
616 1912 753 1960 Oxon',
766 1913 981 1961 willielmo
997 1913 1130 1961 Buck',
1144 1917 1182 1951 et
1197 1914 1292 1961 aliis,
1308 1917 1352 1952 ut
1372 1927 1487 1964 supra
1505 1915 1548 1952 in
1567 1918 1670 1953 carta

199 1967 314 2016 xiiija.
373 1967 465 2004 Dat'
485 1979 552 2016 per
571 1979 707 2005 manus
735 1967 942 2005 Willielmi
969 1967 1243 2005 Archidiaconi
1272 1969 1400 2007 Stowe
1425 1969 1468 2006 in
1488 1969 1670 2019 Capitulo

200 2019 308 2059 Linc'
324 2021 429 2072 apud
447 2021 693 2059 Lincolniam
711 2034 738 2060 v
752 2021 827 2060 kal.
850 2021 877 2060 J
879 2021 1027 2060 anu‘arii
1046 2022 1292 2072 pontificatus
1310 2023 1433 2061 nostri
1450 2036 1551 2062 anno
1570 2024 1640 2062 ix0.

284 2138 531 2172 ΜΕΒΙΕΤΑΒ
560 2129 708 2168 ecclesie
740 2129 784 2168 de
813 2130 954 2169 Stokes.
1017 2131 1225 2170 Ordinacio
1261 2131 1421 2170 alterius
1457 2132 1672 2170 medietatis

199 2183 375 2232 ejusdem.

281 2237 487 2275 Universis
505 2236 573 2275 810.
632 2237 797 2276 Noverit
811 2238 1042 2277 universitas
1057 2242 1184 2278 vestra
1201 2252 1272 2278 nos
1288 2239 1335 2278 (16
1354 2252 1510 2278 assensu
1531 2241 1673 2291 Rogeri

201 2291 351 2330 Decani
383 2295 423 2329 et
455 2291 616 2341 capituli
642 2293 765 2330 nostri
797 2292 905 2331 Linc'
936 2293 1067 2332 divine
1095 2294 1251 2343 pietatis
1278 2294 1425 2333 intuitu
1453 2294 1604 2333 dedisse
1632 2299 1670 2334 et

203 2345 432 2384 concessisse
466 2345 590 2383 Priori
622 2349 660 2384 et
693 2347 905 2386 conventui
941 2347 989 2385 de
1026 2347 1274 2386 Huntindon'
1302 2348 1458 2387 nomine
1494 2350 1672 2399 perpetui

200 2400 378 2438 beneficii
392 2399 635 2438 medietatem
652 2401 807 2439 ecclesie
822 2401 869 2439 de
886 2401 1025 2440 Stokes
1039 2414 1114 2451 que
1130 2402 1177 2440 de
1192 2415 1323 2441 eorum
1337 2406 1395 2441 est
1411 2403 1668 2442 advocacione

201 2455 245 2492 in
290 2453 464 2503 proprios
508 2467 602 2492 usus
647 2455 932 2505 imperpetuum
977 2456 1260 2506 possidendam.
1330 2458 1536 2507 Reliquam
1581 2471 1671 2497 vero

202 2507 449 2546 medietatem
475 2507 582 2546 illius
610 2509 766 2547 ecclesie
794 2510 981 2548 Ricardus
1009 2510 1229 2560 capellanus
1257 2524 1372 2561 quem
1399 2513 1449 2551 ad
1482 2516 1672 2562 presenta-

202 2562 353 2600 cionem
371 2574 503 2600 eorum
522 2562 571 2600 ad
589 2563 712 2612 ipsam
732 2564 958 2602 admisimus
977 2567 1016 2602 et
1033 2564 1076 2602 in
1092 2578 1136 2603 ea
1153 2578 1355 2615 personam
1373 2567 1614 2605 instituimus
1634 2569 1673 2605 et

203 2628 436 2654 successores
464 2616 525 2654 sui
552 2618 620 2666 qui
639 2617 682 2655 in
701 2617 833 2656 eadem
853 2618 1009 2656 ecclesia
1027 2619 1070 2656 in
1093 2620 1257 2669 propriis
1284 2621 1456 2670 personis
1483 2621 1674 2658 ministra-

201 2670 303 2708 bunt
329 2670 443 2708 nobis
472 2673 510 2708 et
537 2672 816 2710 successoribus
844 2673 985 2711 nostris
1014 2686 1037 2710 a
1065 2674 1237 2723 predicto
1269 2675 1394 2724 priore
1420 2679 1459 2713 et
1478 2678 1672 2713 conventu

205 2725 388 2774 quociens
409 2725 493 2774 ipsa
521 2726 706 2763 medietas
734 2727 926 2765 vacaverit
953 2727 1131 2765 similiter
1157 2729 1404 2778 presentandi
1427 2732 1465 2767 et
1493 2730 1674 2768 canonice

203 2779 437 2816 instituendi
455 2779 601 2829 integre
621 2784 658 2817 et
687 2784 870 2830 perpetuo
899 2781 1162 2831 possidebunt.
1219 2782 1386 2821 Particio
1414 2787 1544 2821 autem
1571 2784 1674 2822 dicte

205 2833 362 2871 ecclesie
381 2833 454 2871 sub
473 2833 544 2870 tali
560 2834 682 2871 forma
701 2834 801 2873 facta
820 2839 877 2873 est
894 2848 901 2872 z
931 2835 1078 2874 scilicet
1099 2836 1204 2886 quod
1227 2849 1388 2887 persone
1410 2838 1674 2876 ministrantes

204 2887 247 2926 in
267 2887 400 2925 eadem
418 2887 632 2938 percipient
650 2891 776 2927 totum
795 2889 1019 2939 altaragium
1048 2903 1135 2936 cum
1160 2891 1322 2930 minutis
1341 2891 1500 2931 decimis
1518 2895 1557 2930 et
1585 2904 1674 2930 cum
