1844 3178
689 327 895 361 Hucoms
934 326 1098 360 WELLS.
1607 313 1632 355 7

255 433 546 468 WROGSTAN.
580 425 735 464 Vicaria
762 425 806 463 in
831 424 988 463 ecclesia
1014 424 1063 462 de
1081 423 1290 473 Wrogstan
1318 435 1392 472 que
1414 425 1472 461 est
1490 422 1634 461 Prioris

177 483 217 519 et
244 481 470 520 Conventus
497 480 670 530 ejusdem
695 479 771 517 loci
797 491 865 528 per
891 478 1092 516 dominum
1114 478 1321 527 Hugonem
1348 476 1559 514 secundum
1586 476 1634 514 de

177 547 365 573 consensu
401 534 574 584 Capituli
614 534 674 572 sui
706 532 880 571 Lincoln'
913 532 967 570 eis
1008 545 1095 570 cum
1135 530 1382 581 pertinenciis
1414 531 1635 568 confirmata

177 589 352 627 consistit
365 589 408 626 in
423 588 572 626 duabus
591 587 748 637 virgatis
766 589 864 623 terre
883 585 930 623 de
946 586 1051 623 Hida
1065 598 1181 635 quam
1196 584 1324 622 Adam
1338 584 1495 622 clericus
1510 584 1636 621 tenuit

175 654 308 681 versus
344 643 530 680 orientem
566 654 653 679 cum
689 640 866 690 porcione
901 640 1003 689 prati
1038 638 1246 689 spectantis
1278 637 1327 675 ad
1359 638 1519 675 eandem
1549 650 1636 675 cum

175 695 389 745 messuagio
409 699 447 734 et
465 695 626 733 edificiis
643 707 719 744 que
736 694 893 731 fuerunt
912 692 1134 743 Sampsonis
1148 693 1264 742 juxta
1291 691 1486 729 ecclesiam
1504 703 1637 729 versus

177 749 413 788 occidentem
431 763 439 788 :
467 752 506 787 et
524 749 567 786 in
584 751 666 786 toto
694 747 874 797 altaragio
902 747 1071 797 exceptis
1097 746 1260 784 minutis
1279 745 1437 783 decimis
1455 745 1503 782 de
1522 744 1639 783 Curia

178 803 470 842 Canonicorum.
524 801 703 840 Vicarius
729 801 889 839 habebit
916 801 1155 851 capellanum
1183 812 1312 838 secum
1338 799 1484 837 socium
1509 799 1577 848 qui
1595 799 1638 836 in

178 857 321 906 capella
346 856 394 894 de
412 856 616 894 Belescoth
641 854 878 893 ministrabit
905 857 944 892 et
970 854 1144 892 inveniet
1171 853 1351 892 clericum
1378 857 1416 891 et
1434 852 1639 890 luminaria

177 910 437 960 competencia
467 908 652 948 solvendo
687 908 875 947 sinodalia
904 911 1069 947 tantum.
1141 907 1327 946 Canonici
1353 920 1444 946 vero
1476 905 1641 956 predicti

178 965 308 1002 omnia
326 964 402 1002 alia
420 964 678 1002 emolumenta
696 962 798 1000 dicte
816 961 970 1000 ecclesie
989 961 1212 1012 percipient,
1229 963 1267 998 et
1286 961 1414 999 omnia
1432 960 1507 999 alia
1525 972 1640 998 onera

178 1018 352 1068 ejusdem
369 1017 626 1056 sustinebunt.
683 1016 736 1055 Et
753 1016 857 1055 valet
874 1016 1016 1055 vicaria
1033 1016 1164 1054 decem
1182 1015 1306 1054 marc'.

262 1131 625 1166 BERENOESTRE.
661 1123 815 1162 Vicaria
845 1124 888 1161 in
920 1123 1077 1162 ecclesia
1116 1122 1165 1161 de
1202 1123 1435 1161 Berencestr'
1472 1134 1547 1172 que
1583 1125 1641 1160 est

179 1178 324 1217 Prioris
351 1182 389 1217 et
409 1178 634 1217 Conventus
653 1178 827 1228 ejusdem
845 1177 921 1216 loci
947 1177 1172 1215 auctoritate
1200 1176 1354 1214 concilii
1381 1176 1557 1214 ordinata
1584 1179 1642 1214 est

179 1233 222 1271 in
240 1232 313 1270 1100
331 1232 455 1271 modo.
513 1232 691 1270 Vicarius
708 1231 868 1270 habebit
895 1244 964 1281 pro
991 1231 1195 1281 stipendiis
1218 1231 1296 1268 suis
1317 1234 1356 1268 et
1375 1230 1562 1280 capellani
1581 1230 1642 1267 sui

180 1289 219 1325 et
247 1286 469 1324 clericorum
495 1298 651 1324 suorum
678 1286 722 1323 xl
758 1285 900 1323 solidos
936 1285 1136 1323 annuatim
1160 1285 1202 1322 in
1234 1284 1362 1322 terciis
1394 1284 1640 1333 porcionibus

180 1340 453 1390 assignandos:
495 1342 534 1378 et
564 1340 647 1389 ipse
680 1343 719 1378 et
754 1339 971 1389 capellanus
1004 1339 1087 1388 ejus
1119 1342 1157 1376 et
1190 1338 1318 1376 clerici
1350 1339 1411 1376 sui
1442 1338 1642 1376 habebunt

180 1395 328 1433 victum
355 1407 468 1432 suum
495 1394 543 1431 de
569 1394 740 1443 prioratu
767 1393 861 1443 ipsis
889 1392 1094 1442 capellanis
1122 1391 1162 1430 et
1186 1392 1331 1430 clericis
1350 1395 1639 1441 competentem.

180 1448 314 1487 Eciam
339 1447 500 1486 habebit
528 1447 663 1485 fenum
692 1450 731 1485 et
757 1446 993 1496 prebendam
1020 1446 1070 1484 ad
1089 1458 1231 1495 equum
1253 1458 1376 1483 unum
1394 1446 1442 1483 de
1460 1447 1640 1496 prioratu.

181 1502 315 1540 Eciam
333 1501 550 1539 oblaciones
569 1514 656 1539 suas
674 1500 819 1539 scilicet
837 1513 960 1538 unum
982 1500 1182 1538 denarium
1209 1512 1278 1550 pro
1306 1512 1459 1549 corpore
1478 1499 1647 1549 presenti

182 1559 221 1594 et
241 1568 364 1594 unum
383 1555 468 1593 den'
487 1568 555 1605 pro
570 1554 812 1605 sponsalibus
832 1557 871 1592 et
888 1567 1010 1592 unum
1027 1554 1225 1592 denarium
1244 1566 1312 1603 pro
1331 1553 1476 1603 purific'
1493 1554 1645 1603 quocies

182 1609 269 1647 den’
288 1609 436 1660 integer
452 1609 682 1659 provenerit.
742 1609 875 1646 Eciam
892 1609 937 1646 in
956 1608 1019 1646 die
1037 1608 1158 1646 natali
1176 1608 1340 1646 Domini
1358 1611 1435 1646 tres
1455 1607 1552 1655 den’,
1583 1607 1645 1645 die

181 1663 328 1702 Pasche
358 1663 454 1702 duos
483 1661 582 1710 den',
603 1666 642 1701 et
669 1663 713 1701 in
731 1662 870 1701 duobis
906 1662 991 1700 aliis
1027 1662 1305 1712 principalibus
1339 1662 1449 1700 festis
1484 1665 1647 1712 utroque

181 1718 327 1756 scilicet
353 1730 475 1755 unum
503 1716 714 1755 denarium.
774 1714 858 1769 [Fo.
881 1714 963 1764 2b.]
1022 1716 1195 1754 Habebit
1223 1716 1343 1754 eciam
1362 1716 1578 1754 oblaciones
1605 1715 1648 1753 in

183 1771 488 1810 confessionibus
508 1774 547 1809 et
565 1770 776 1809 secundum
794 1770 963 1820 legatum
989 1782 1111 1819 usque
1138 1770 1188 1808 ad
1206 1783 1275 1808 sex
1293 1770 1468 1808 denarios
1487 1773 1525 1808 et
1543 1769 1649 1819 quod

183 1826 370 1875 supererit
412 1825 578 1864 vicarius
623 1827 662 1863 et
703 1825 877 1863 canonici
919 1824 1190 1862 dimidiabunt.
1266 1824 1439 1862 Habebit
1492 1824 1649 1873 insuper

183 1891 362 1918 mansum
399 1881 680 1929 competentem
707 1882 816 1917 extra
842 1878 1063 1928 prioratum.
1131 1877 1319 1918 Canonici
1354 1881 1485 1916 autem
1521 1877 1650 1915 omnia

184 1946 299 1972 onera
337 1932 445 1971 illius
485 1932 640 1972 ecclesie
676 1932 808 1971 debita
844 1935 884 1971 et
920 1934 1101 1971 consueta
1137 1935 1264 1982 preter
1300 1944 1398 1970 onus
1433 1931 1649 1981 parochiale

184 1987 433 2026 sustinebunt
451 1990 490 2026 et
504 1987 608 2026 valet
626 1986 768 2026 vicaria
795 2016 804 2025 .
862 2015 871 2025 .
928 2015 937 2024 .
981 1985 1112 2025 totalis
1130 1989 1260 2024 autem
1278 1985 1434 2024 ecclesia
1452 1999 1508 2024 xx
1525 1985 1648 2023 marc'.

264 2100 487 2136 WESTON.
524 2094 679 2133 Vicaria
705 2094 748 2132 in
775 2092 933 2132 ecclesia
959 2093 1007 2131 de
1034 2092 1200 2132 Weston
1226 2106 1301 2143 que
1329 2095 1386 2132 est
1407 2092 1574 2132 Abbatis
1612 2095 1652 2131 et

187 2148 413 2188 Conventus
431 2147 524 2187 Osn'
542 2148 767 2187 auctoritate
786 2147 953 2187 Concilii
980 2147 1156 2186 ordinata
1182 2147 1357 2186 consistit
1375 2160 1443 2198 per
1461 2148 1590 2187 omnia
1607 2151 1653 2185 ut

187 2215 303 2254 supra
321 2201 455 2240 eodem
467 2202 795 2241 Archidiaconatu
812 2202 856 2240 in
872 2201 1074 2253 principio.

267 2315 632 2351 (ΞΑΒΤΗΑΜΤΟΝ.
668 2309 823 2349 Vicaria
858 2309 901 2348 in
930 2309 1088 2348 ecclesia
1124 2309 1172 2347 de
1200 2308 1457 2348 Garthamton
1483 2322 1558 2360 que
1595 2312 1654 2348 est

188 2362 356 2403 Abbatis
382 2366 422 2402 et
449 2363 677 2403 Conventus
705 2363 796 2403 Osn’
824 2363 1049 2402 auctoritate
1082 2362 1250 2403 Concilii
1277 2364 1452 2403 ordinata
1479 2364 1654 2403 consistit

189 2430 258 2468 per
275 2417 405 2456 omnia
422 2419 468 2455 ut
485 2429 600 2468 supra
617 2417 752 2457 eodem
768 2417 1094 2457 Archidiaconatu
1111 2417 1155 2455 in
1171 2417 1372 2468 principio.

273 2531 663 2567 KERTELlNGTON.
699 2525 854 2564 Vicaria
880 2525 923 2563 in
951 2525 1107 2564 ecclesia
1133 2525 1181 2564 de
1203 2525 1478 2576 Kertelington
1505 2538 1580 2576 que
1599 2529 1656 2564 est

190 2578 357 2617 Abbatis
394 2582 434 2617 et
476 2579 701 2618 Conventus
737 2579 785 2618 de
821 2579 965 2618 Alneto
1011 2579 1188 2618 ordinata
1232 2581 1458 2619 auctoritate
1503 2580 1657 2618 concilii

191 2633 368 2672 consistit
384 2633 428 2670 in
445 2635 527 2671 toto
546 2633 726 2684 altaragio
745 2633 867 2684 ipsius
893 2633 1050 2673 ecclesie
1077 2637 1116 2672 et
1142 2634 1298 2672 redditu
1325 2634 1424 2683 xxiij
1445 2633 1655 2672 solidorum

191 2690 230 2726 et
256 2687 314 2737 iiij
343 2686 585 2725 denariorum
612 2700 727 2737 quem
754 2688 929 2726 homines
956 2691 1131 2726 tenentes
1158 2689 1279 2738 ipsius
1307 2688 1461 2726 ecclesie
1498 2688 1655 2726 solvunt

191 2741 393 2779 annuatim
423 2741 500 2790 ipsi
528 2740 682 2780 ecclesie
711 2745 751 2780 et
782 2742 826 2780 in
858 2755 940 2780 xxx
972 2742 1122 2780 duabus
1152 2743 1272 2781 travis
1299 2742 1407 2780 bladi
1434 2755 1529 2792 quas
1554 2742 1657 2780 dicta

191 2794 348 2834 ecclesia
375 2795 575 2833 consuevit
602 2796 804 2834 annuatim
831 2796 1023 2846 percipere
1051 2796 1098 2834 de
1126 2796 1319 2835 dominico
1347 2795 1394 2834 R.
1425 2796 1474 2834 de
1509 2795 1656 2834 Aumar

191 2848 295 2899 apud
313 2848 558 2887 Blechesdun
576 2862 650 2899 que
668 2850 802 2888 valent
818 2850 1019 2888 annuatim
1033 2862 1088 2889 xv
1102 2850 1180 2889 sol'.
1237 2851 1288 2888 In
1306 2850 1506 2888 matricula
1523 2853 1653 2888 tamen

191 2902 275 2941 loco
293 2902 467 2941 redditus
484 2903 706 2942 tenencium
724 2904 887 2942 habetur
905 2908 943 2943 et
961 2904 1004 2942 in
1022 2916 1099 2942 una
1115 2904 1210 2943 hida
1227 2906 1336 2943 terre.
1374 2904 1436 2942 De
1449 2903 1657 2942 honeribus

193 2956 278 3007 (εἰσ)
297 2959 426 2995 autem
444 2957 486 2995 in
505 2957 761 3008 disposicione
774 2957 955 3009 Episcopi
974 2961 1032 2997 est
1050 2957 1137 3008 quis
1155 2971 1229 3008 que
1249 2958 1386 2997 debeat
1404 2958 1601 2997 sustinere.
