1844 3178
226 344 281 386 96
742 351 881 385 LIBER
909 350 970 384 AN
977 350 1144 391 TIQUUS

299 449 593 486 ADvovouo
621 448 683 482 DE
714 447 941 482 KABURN’.

306 494 499 533 Omnibus
518 491 585 530 &a
648 490 778 538 Quum
796 491 862 539 pia
880 489 982 528 facta
996 488 1170 527 fidelium
1184 487 1301 538 digno
1321 489 1412 525 sunt
1427 487 1691 537 prosequenda

227 548 371 595 favore,
392 545 591 585 Noveritis
610 544 715 593 quod
734 556 803 581 nos
822 543 1115 582 advocacionem
1134 541 1290 580 ecclesie
1317 541 1365 579 de
1380 541 1555 579 Kaburn'
1576 555 1692 592 quam

226 602 425 640 Gilbertus
457 600 504 637 de
535 598 721 636 Turribus
749 598 913 635 contulit
939 597 1089 635 Abbati
1116 599 1154 633 et
1175 595 1379 634 Canonicis
1409 595 1458 633 de
1486 595 1692 645 Grimesby

224 657 325 694 sicut
343 653 625 693 racionabiliter
643 651 746 689 facta
762 650 848 702 (sic)
865 654 924 689 est
942 663 1118 689 concessa
1137 652 1175 687 et
1194 652 1296 688 carta
1316 649 1510 687 donatoris
1529 650 1693 699 predicti

224 710 458 756 confirmata,
475 708 529 745 eis
547 708 741 744 auctorate
760 705 966 755 episcopali
984 704 1263 742 confirmamus.
1312 703 1440 743 Salvis
1453 703 1496 741 in
1511 704 1692 742 omnibus

225 764 286 802 &a
334 763 387 801 Et
400 765 445 800 ut
460 761 531 799 hec
546 759 787 798 confirmacio
803 758 871 798 Sec.
919 758 1101 796 Testibus
1120 757 1158 796 J.
1176 757 1459 795 Archidiacono
1474 757 1688 805 Bedeford',

224 818 372 855 Thoma
408 816 457 854 de
492 813 719 861 Fiskerton',
755 813 952 862 Magistris
984 812 1030 850 R.
1066 811 1114 849 de
1148 811 1299 850 Grauel'
1328 814 1367 849 et
1395 811 1458 849 W.
1493 810 1541 848 de
1574 811 1691 849 Well’

225 871 417 910 canonicis
449 869 570 915 Linc',
600 867 708 906 Will.
744 867 793 905 de
825 865 1086 916 Kcynesham’
1121 869 1159 904 et
1191 865 1360 903 Radulfo
1394 864 1441 902 de
1472 865 1691 903 Warravill'

224 925 417 963 canonicis
437 922 615 969 Wellen’,
635 925 674 959 et
708 920 864 959 Olivero
883 921 931 958 de
952 918 1099 959 Chedn’
1120 919 1253 957 clerico
1287 921 1326 957 et
1358 919 1453 957 aliis.
1504 919 1596 957 Dat’
1624 931 1692 968 per

224 992 383 1017 manum
416 978 462 1016 R.
484 976 532 1014 de
566 975 686 1014 Cestr'
713 974 924 1013 subdecani
954 974 1062 1013 Linc'
1090 973 1195 1024 apud
1226 973 1470 1011 Lincolniam
1504 973 1546 1022 iij
1584 972 1687 1012 Non.

225 1033 254 1071 J
256 1033 325 1083 ulij
346 1031 594 1083 pontificatus
613 1029 736 1067 nostri
754 1041 856 1067 anno
881 1033 937 1067 x0.

303 1138 352 1172 nd
387 1136 539 1171 MARC’
567 1134 885 1169 WARDEBOYS.

307 1180 499 1218 Omnibus
518 1178 579 1216 816.
639 1177 803 1215 Noverit
821 1175 1050 1214 universitas
1069 1177 1196 1213 vestra
1215 1187 1285 1212 nos
1304 1174 1351 1212 de
1375 1187 1532 1212 assensu
1552 1174 1692 1224 Rogeri

225 1234 374 1272 Decani
393 1237 431 1271 et
451 1231 624 1282 Capituli
642 1231 765 1269 nostri
783 1230 891 1268 Linc'
911 1229 1138 1267 concessisse
1166 1232 1204 1266 et
1232 1228 1401 1279 presenti
1429 1232 1532 1266 carta
1559 1229 1692 1266 confir-

225 1301 347 1326 masse
366 1287 517 1325 dilectis
536 1286 578 1323 in
598 1285 753 1324 Christo
782 1284 874 1322 filiis
901 1283 1049 1321 Abbati
1076 1286 1115 1321 et
1144 1282 1368 1321 Conventui
1395 1282 1443 1320 de
1472 1282 1622 1320 Rames’
1649 1283 1692 1320 in

224 1354 318 1380 usus
337 1340 598 1379 elemosinarie
625 1339 799 1388 ejusdem
826 1338 964 1376 domus
994 1335 1061 1389 [fo.
1087 1334 1171 1389 30³]
1192 1339 1269 1374 tres
1288 1349 1433 1374 marcas
1460 1336 1507 1374 de
1536 1337 1693 1374 ecclesia

226 1396 274 1434 de
287 1395 527 1444 Wardeboys
542 1394 698 1431 nomine
717 1392 894 1443 perpetui
912 1391 1090 1429 beneficii
1109 1404 1177 1440 per
1191 1403 1327 1428 manus
1342 1403 1502 1440 persone
1521 1390 1693 1440 ejusdem

225 1450 381 1488 ecclesie
412 1452 597 1499 perpetuo
628 1446 893 1497 percipiendas
926 1458 1021 1495 quas
1052 1445 1101 1483 ab
1129 1445 1290 1494 antiquo
1318 1445 1511 1505 percipere
1539 1457 1693 1482 consue-

225 1507 376 1543 verunt.
415 1502 567 1542 Salvis
556 1515 600 1539 111
614 1501 794 1539 omnibus
809 1501 869 1538 &c.
909 1500 961 1538 Et
975 1502 1020 1537 ut
1034 1499 1104 1537 hec
1118 1502 1249 1537 nostra
1263 1499 1454 1537 concessio
1469 1501 1693 1548 perpetuam

226 1558 399 1608 optineat
417 1557 640 1595 firmitatem
666 1567 821 1605 presens
848 1555 1034 1603 scriptum
1062 1553 1188 1602 sigillo
1207 1555 1337 1590 nostro
1363 1565 1441 1590 una
1461 1565 1548 1590 cum
1567 1552 1693 1602 sigillo

227 1612 400 1662 Capituli
410 1611 534 1649 nostri
545 1608 654 1647 Linc'
667 1609 850 1646 duximus
862 1607 1127 1646 muniendum.
1172 1607 1350 1645 Testibus
1363 1607 1511 1657 Rogero
1524 1607 1694 1653 Decano,

227 1666 274 1705 G.
305 1666 542 1711 Precentore,
563 1664 610 1701 R.
643 1662 889 1709 Cancellario,
911 1661 949 1700 J.
975 1661 1259 1699 Archidiacono
1288 1660 1428 1708 Stowe,
1450 1661 1619 1710 Hugone
1647 1660 1695 1698 de

228 1720 266 1759 S.
283 1719 485 1766 Edwardo,
501 1717 775 1767 MagistrisW.
792 1717 843 1754 fil'
858 1716 1053 1764 Fulconis,
1071 1716 1119 1754 R.
1134 1715 1182 1753 de
1197 1714 1340 1762 Holm’‚
1356 1715 1402 1753 R.
1422 1715 1470 1752 (16
1488 1714 1694 1752 Lindwud'

227 1777 266 1812 et
284 1774 333 1812 A.
356 1774 404 1811 de
421 1773 459 1812 S.
475 1748 701 1818 ⁷Edmundo,
721 1771 895 1809 Waltero
916 1770 1000 1807 Blu’
1004 1770 1053 1807 (10
1082 1772 1121 1807 et
1148 1769 1195 1807 R.
1217 1769 1265 1807 de
1287 1768 1456 1807 Bristoll'
1476 1768 1692 1818 capellanis,

227 1828 271 1867 P.
308 1828 356 1865 de
387 1825 531 1876 Hung’,
562 1826 627 1864 W.
664 1825 712 1863 de
743 1823 896 1872 Aualu'‚
917 1824 963 1862 R.
1000 1824 1047 1861 de
1080 1823 1223 1861 Bohun
1252 1826 1290 1861 et
1318 1823 1363 1861 P.
1385 1823 1433 1861 de
1462 1822 1694 1862 Cheu'mont

228 1882 420 1920 canonicis
439 1881 547 1918 Linc'
567 1883 605 1918 et
625 1879 670 1918 O.
692 1879 740 1916 de
759 1877 907 1917 Chedn’
927 1878 1073 1915 clerico.
1133 1877 1224 1915 Dat'
1239 1890 1307 1927 per
1324 1890 1462 1915 manus
1480 1877 1627 1915 Thome
1646 1877 1694 1914 de

227 1936 259 1974 F
262 1935 433 1974 iskerton
452 1934 640 1984 capellani
657 1933 831 1972 canonici
850 1932 957 1970 Linc’
977 1931 1082 1982 apud
1099 1930 1207 1970 Linc'
1227 1932 1282 1981 xij
1302 1931 1378 1970 kal.
1400 1930 1570 1981 Augusti
1587 1930 1694 1981 pont'

227 1990 351 2029 nostri
370 2002 472 2028 anno
495 1994 550 2028 x0.

312 2107 377 2141 ιιω
411 2105 563 2140 ΜΑΗσ
600 2096 647 2134 de
682 2095 837 2134 ecclesia
874 2095 920 2133 de
957 2094 1183 2144 Bernetteby
1222 2106 1299 2132 una
1335 2106 1421 2132 cum
1448 2093 1697 2133 advoaaaione

228 2153 376 2191 ecclesie
392 2151 572 2200 predicte.

308 2206 513 2245 Universis
546 2205 607 2243 816.
664 2203 829 2242 Noverit
866 2203 1097 2242 universitas
1128 2205 1256 2241 vestra
1286 2214 1358 2240 nos
1391 2202 1440 2240 de
1472 2214 1630 2240 assensu
1658 2204 1698 2240 et

227 2260 429 2300 voluntate
448 2259 676 2297 dilectorum
694 2258 862 2296 filiorum
882 2257 1022 2307 Rogeri
1040 2257 1190 2295 Decani
1209 2259 1246 2295 et
1262 2256 1435 2306 Capituli
1453 2257 1576 2294 nostri
1590 2256 1697 2294 Linc'

229 2315 379 2353 dedisse
398 2317 437 2351 et
465 2313 692 2351 concessisse
721 2312 872 2350 dilectis
890 2312 933 2349 in
961 2311 1118 2350 Christo
1145 2311 1236 2349 filiis
1264 2311 1389 2348 Priori
1409 2313 1447 2349 et
1477 2310 1698 2349 Conventui

230 2369 277 2407 (16
297 2369 411 2407 Novo
430 2367 532 2405 Loco
552 2367 698 2405 ordinis
718 2366 766 2404 de
782 2365 1079 2415 Sempingeham
1098 2365 1192 2414 iiij01'
1210 2377 1353 2403 marcas
1374 2368 1521 2402 annuas
1539 2364 1697 2402 nomine

228 2422 407 2461 beneficii
425 2421 473 2459 de
493 2421 650 2459 ecclesia
669 2421 717 2459 de
737 2420 972 2469 Bernetteby
991 2432 1059 2469 per
1080 2432 1217 2457 manus
1237 2419 1416 2468 Magistri
1443 2418 1622 2468 Hugonis
1649 2418 1698 2456 de

231 2476 401 2515 Duffeld'
429 2488 589 2525 persone
615 2475 738 2524 ipsius
767 2474 921 2512 ecclesie
950 2473 1136 2523 quamdiu
1173 2473 1317 2511 vixerit
1353 2473 1617 2522 percipiendas
1659 2475 1698 2510 et

229 2534 399 2581 preterea
417 2529 664 2567 medietatem
692 2529 740 2566 de
767 2528 926 2574 decimis
953 2528 1155 2578 garbarum
1183 2527 1231 2565 de
1258 2527 1328 2576 xiij
1359 2527 1512 2565 bovatis
1538 2526 1666 2564 terre
1655 2539 1698 2564 111

231 2584 467 2633 Bernetteby
485 2596 619 2622 versus
638 2583 824 2621 orientem
844 2586 883 2620 et
902 2582 1101 2620 meridiem
1119 2581 1276 2618 nomine
1303 2569 1480 2618 beneficii
1507 2583 1590 2618 tota
1616 2581 1698 2618 vita

229 2639 395 2689 predicti
430 2638 610 2687 Hugonis
642 2636 922 2687 possidendam.
987 2635 1254 2675 Concessimus
1272 2635 1392 2673 eciam
1411 2635 1458 2672 de
1477 2647 1633 2673 assensu
1661 2637 1699 2672 et

229 2693 431 2731 voluntate
450 2692 641 2729 dictorum
659 2691 809 2729 Decani
827 2693 866 2728 et
884 2689 1059 2740 Capituli
1077 2690 1200 2727 nostri
1217 2688 1325 2727 Linc’
1345 2689 1489 2727 eisdem
1508 2689 1632 2726 Priori
1660 2691 1699 2726 et

233 2746 456 2786 Conventui
474 2748 596 2784 totam
624 2745 869 2783 medietatem
897 2744 1068 2794 predicte
1096 2743 1252 2782 ecclesie
1280 2743 1329 2781 de
1357 2743 1594 2792 Bernetteby
1612 2745 1699 2792 post

232 2801 429 2839 decessum
465 2800 630 2850 predicti
666 2799 846 2849 Hugonis
882 2799 925 2836 in
953 2810 1047 2836 usus
1083 2798 1256 2847 proprios
1287 2798 1459 2847 ipsorum
1489 2797 1632 2834 Prioris
1660 2799 1699 2833 et

232 2854 459 2893 Conventus
495 2854 652 2915 nomine
688 2853 866 2903 perpetui
901 2852 1080 2891 beneficii
1115 2851 1426 2912 convertendam:
1493 2851 1557 2888 Ita
1567 2849 1699 2911 ’quod
