1844 3178
712 327 917 361 HUGoms
951 328 1117 361 WELLs.
1602 319 1652 360 91

277 435 395 469 Vnus.
416 436 460 469 ιΝ
484 435 736 471 Εοομεειιε
756 428 802 465 de
821 426 967 465 Sation’
986 429 1021 464 et
1047 426 1226 465 Westkel’.

279 480 481 518 Universis
500 482 559 519 810.
617 481 780 519 Noverit
807 480 1036 519 universitas
1063 483 1189 518 vestra
1216 479 1320 529 quod
1348 491 1417 516 nos
1436 479 1484 517 de
1502 494 1656 520 assensu

198 533 337 582 Rogeri
355 534 502 572 Decani
522 538 559 572 et
576 535 747 584 Capituli
764 535 886 572 nostri
904 534 1010 572 Linc'
1028 533 1159 572 divine
1177 533 1331 583 pietatis
1346 532 1493 570 intuitu
1508 534 1657 573 dilectis

197 586 238 623 in
260 587 413 625 Christo
441 588 531 625 ffliis
555 589 703 626 Abbati
731 592 769 627 et
789 588 1009 628 Conventui
1037 587 1084 624 de
1104 587 1298 636 Croyland
1325 590 1489 635 quatuor
1516 588 1658 626 solidos

197 640 240 677 in
259 641 415 679 ecclesia
442 641 489 679 de
510 642 664 680 Sutton’
683 646 721 680 et
748 643 842 680 alios
869 643 962 691 iiij01‘
981 641 1123 679 solidos
1150 642 1192 679 in
1220 641 1376 678 ecclesia
1403 640 1451 677 de
1470 641 1657 679 Westkel’

198 707 294 743 quos
326 695 430 743 prius
464 695 512 732 de
543 696 686 733 eisdem
719 696 884 734 ecclesiis
921 696 1120 733 annuatim
1155 695 1347 744 percipere
1379 699 1657 734 consueverunt

197 749 422 786 auctoritate
450 749 657 799 episcopali
685 749 1000 787 confirmavimus.
1060 749 1187 787 Salvis
1213 749 1256 785 in
1284 748 1462 786 omnibus
1488 749 1548 786 &c.
1608 750 1658 786 In

197 803 307 851 cujus
325 802 380 839 rei
397 803 513 840 robur
532 806 570 840 et
588 803 853 841 testimonium
872 803 1043 853 sigillum
1062 806 1236 840 nostrum
1255 805 1293 840 et
1312 801 1481 851 sigillum
1496 802 1659 851 predicti

198 856 370 905 Capituli
388 857 511 894 nostri
529 856 636 895 Linc'
655 858 825 907 presenti
847 858 988 907 scripto
1011 859 1103 894 sunt
1130 856 1312 905 apposita.
1370 855 1460 893 Hiis
1479 856 1659 894 Testibus

197 909 344 956 Rogero
366 910 533 957 Decano,
555 910 601 948 Gr.
622 911 860 958 Precentore,
881 911 1028 960 Rogero
1048 910 1294 957 Cancellario‚
1314 909 1352 948 J.
1375 909 1658 947 Archidiacono

198 963 412 1011 Bedeford’,
437 964 488 1002 H.
520 964 567 1002 de
596 964 633 1003 S.
665 965 865 1012 Edwardo,
888 965 1062 1003 Gilberto
1090 964 1138 1001 de
1167 963 1413 1012 Scaldeburg,
1433 964 1581 1001 Thoma
1610 964 1658 1001 de

199 1017 413 1065 Fiskerton,
435 1017 482 1056 R.
505 1018 552 1055 de
572 1018 737 1066 Bristol',
759 1019 944 1068 Magistro
972 1018 1018 1056 R.
1041 1018 1088 1055 de
1117 1016 1283 1062 Grauel’,
1304 1017 1477 1054 Waltero
1506 1017 1657 1064 Bl’ndo,

201 1070 397 1120 Stephano
426 1072 473 1109 de
493 1072 583 1119 Cic',
605 1072 651 1110 R.
674 1073 721 1110 de
740 1073 952 1118 Waravill',
972 1072 1051 1109 can’
1071 1070 1199 1118 Well’,
1221 1070 1375 1108 Olivero
1404 1071 1451 1108 de
1471 1071 1658 1109 Chednet'

199 1128 238 1163 et
256 1125 351 1163 aliis.
409 1125 498 1163 Dat’
530 1138 598 1175 per
628 1139 764 1164 manus
796 1126 1002 1175 Reginaldi
1034 1125 1253 1164 Subdecani
1285 1124 1389 1174 apud
1417 1125 1658 1163 Lincolniam

198 1182 333 1228 quarto
352 1179 455 1218 Non.
477 1179 702 1218 Decembris
721 1180 966 1230 pontificatus
985 1180 1107 1217 nostri
1125 1192 1225 1217 anno
1244 1178 1315 1217 ix0.

281 1296 331 1330 Ιω
354 1296 505 1331 MARC’
527 1287 568 1325 in
586 1287 739 1326 ecclesia
757 1288 803 1326 de
821 1287 950 1325 Eston’
970 1288 1009 1326 S.
1034 1287 1237 1325 Leonardz'.

280 1341 482 1379 Universis
502 1341 561 1379 Sec.
620 1342 784 1380 Noverit
802 1342 1032 1380 universitas
1051 1343 1178 1378 vestra
1196 1353 1266 1377 nos
1286 1340 1332 1377 de
1347 1352 1502 1378 assensu
1520 1341 1659 1390 Rogeri

199 1395 347 1433 Decani
380 1398 418 1432 et
451 1395 623 1445 Capituli
654 1396 776 1433 nostri
802 1395 910 1433 Linc’
939 1393 1014 1447 [fo.
1044 1393 1132 1446 28¹0]
1161 1394 1292 1432 divine
1324 1394 1479 1443 pietatis
1512 1395 1660 1432 intuitu

199 1449 349 1487 dedisse
369 1451 407 1486 et
435 1450 661 1488 concessisse
688 1450 839 1488 dilectis
867 1450 909 1487 in
928 1449 1083 1488 Christo
1110 1448 1201 1486 filiis
1229 1448 1354 1486 Priori
1381 1451 1420 1486 et
1439 1447 1661 1486 Conventui

199 1503 248 1540 de
285 1503 522 1542 Chaucumb'
559 1507 636 1541 tres
672 1516 814 1542 marcas
853 1503 896 1540 in
941 1503 1097 1541 ecclesia
1136 1502 1174 1540 S.
1214 1501 1406 1539 Leonardi
1443 1502 1490 1539 de
1526 1502 1659 1539 Eston'

199 1557 400 1595 annuatim
417 1557 572 1595 nomine
590 1559 766 1607 perpetui
779 1557 956 1595 beneficii
970 1555 1233 1606 percipiendas
1247 1568 1314 1605 per
1331 1568 1467 1593 manus
1482 1556 1661 1606 Magistri

198 1611 286 1649 Ade
305 1611 352 1648 de
372 1611 410 1649 S.
433 1611 590 1660 Brigida
608 1612 780 1661 ejusdem
799 1611 953 1649 ecclesie
980 1623 1141 1661 persone
1172 1612 1210 1647 et
1229 1622 1483 1647 successorum
1505 1623 1661 1647 suorum

198 1665 266 1714 qui
293 1677 361 1714 pro
389 1668 559 1714 tempore
586 1666 758 1703 instituti
786 1665 933 1703 fuerint
961 1665 1003 1702 in
1043 1664 1183 1702 eadem.
1246 1663 1372 1701 Salvis
1404 1664 1447 1701 in
1481 1664 1661 1701 omnibus

199 1719 478 1768 episcopalibus
515 1719 857 1757 consuetudinibus
903 1720 962 1756 &c
1020 1718 1073 1756 Et
1113 1721 1156 1755 ut
1194 1718 1263 1755 hec
1302 1720 1432 1755 nostra
1469 1718 1660 1755 concessio

198 1777 422 1823 perpetuam
440 1773 613 1811 obtineat
631 1774 853 1811 firmitatem
871 1773 1039 1823 presenti
1053 1773 1193 1822 scripto
1209 1771 1375 1821 sigillum
1393 1774 1567 1809 nostrum
1584 1785 1661 1809 una

199 1840 287 1865 cum
315 1827 440 1877 sigillo
468 1828 629 1877 capituli
655 1828 776 1865 nostri
801 1827 908 1865 Linc'
929 1827 1111 1865 duximus
1139 1826 1422 1875 apponendum.
1481 1826 1661 1863 Testibus

199 1884 244 1918 ut
272 1894 386 1931 supra
413 1882 456 1919 in
485 1885 587 1919 carta
613 1882 787 1931 proxima
815 1882 989 1931 apposito
1017 1881 1081 1917 hic
1109 1880 1295 1929 Magistro
1324 1879 1537 1928 Reginaldo
1576 1880 1663 1917 sub-

200 1935 353 1973 decano.
410 1935 500 1973 Dat’
531 1948 598 1985 per
627 1949 762 1973 manus
781 1935 844 1973 W.
868 1935 915 1972 de
934 1933 1089 1972 Tornac’
1119 1933 1375 1972 archidiaconi
1402 1933 1531 1971 Stowe
1559 1933 1662 1983 apud

199 1989 441 2027 Lincolniam
460 1989 598 2028 Idibus
616 1989 840 2028 Decembris
858 1989 1106 2039 pontificatus
1124 1987 1247 2026 nostri
1265 2000 1366 2025 anno
1385 1999 1499 2026 nono.

283 2107 333 2140 Ιω
356 2106 506 2141 MARC’
526 2098 572 2136 de
591 2098 742 2136 ecclesia
761 2098 806 2135 de
824 2096 1049 2136 Netelham’.

281 2151 484 2190 Universis
521 2152 581 2190 810.
639 2152 803 2190 Noverit
847 2151 1076 2189 universitas
1120 2152 1245 2188 vestra
1282 2161 1353 2187 nos
1389 2149 1438 2186 de
1475 2161 1662 2187 consensu

201 2206 340 2255 Rogeri
359 2206 506 2244 Decani
525 2209 563 2243 et
575 2205 747 2256 Capituli
761 2206 881 2243 nostri
896 2204 1004 2243 Linc'
1017 2204 1148 2243 divine
1163 2203 1317 2252 pietatis
1332 2203 1480 2241 intuitu
1493 2204 1662 2252 presenti

200 2264 303 2298 carta
321 2263 452 2298 nostra
471 2260 709 2298 confirmasse
724 2260 874 2297 dilectis
892 2260 935 2296 in
951 2259 1104 2297 Christo
1119 2257 1209 2295 filiis
1224 2257 1372 2295 Abbati
1386 2260 1424 2294 et
1440 2257 1663 2295 Conventui

201 2314 238 2353 S.
270 2314 421 2352 Ebrulfi
452 2314 651 2363 antiquam
684 2317 723 2352 et
755 2314 923 2351 debitam
960 2313 1079 2350 trium
1114 2324 1325 2349 marcarum
1356 2311 1579 2360 pensionem
1614 2311 1661 2349 de

201 2369 356 2406 ecclesia
378 2368 425 2406 de
444 2368 485 2405 N
487 2368 652 2406 etelham
670 2381 738 2418 per
770 2380 905 2406 manus
938 2367 1043 2404 illius
1077 2366 1144 2416 qui
1175 2378 1243 2415 pro
1272 2368 1442 2415 tempore
1462 2365 1661 2402 ecclesiam

199 2422 308 2460 illam
339 2423 583 2460 auctoritate.
601 2422 806 2472 episcopali
842 2421 1052 2471 possederit
1088 2419 1288 2458 annuatim
1320 2419 1583 2469 percipiendas
1619 2419 1661 2456 in

201 2476 300 2514 festo
315 2476 353 2515 S.
370 2476 398 2514 J
400 2476 562 2514 ohannis
572 2476 747 2526 Baptiste
759 2489 852 2526 quas
864 2476 955 2513 inde
967 2476 1152 2513 hactenus
1164 2473 1355 2523 percipere
1368 2476 1661 2512 consueverunt.

202 2530 320 2568 Salva
337 2531 450 2568 nobis
469 2533 508 2568 et
526 2531 803 2568 successoribus
821 2530 962 2568 nostris
982 2532 1020 2567 et
1040 2529 1196 2567 ecclesie
1214 2531 1343 2565 nostre
1361 2526 1469 2565 Linc'
1490 2527 1662 2576 ejusdem

201 2584 356 2622 ecclesie
375 2585 423 2622 de
442 2584 482 2622 N
484 2585 650 2622 etelham
669 2584 922 2623 advocacione
949 2584 992 2621 in
1014 2586 1253 2632 perpetuum.
1309 2581 1362 2619 Et
1381 2584 1425 2619 ut
1443 2581 1513 2619 hec
1532 2584 1662 2618 nostra

202 2639 441 2676 confirmacio
469 2642 692 2688 perpetuam
721 2639 894 2688 optineat
920 2638 1142 2675 firmitatem
1168 2636 1336 2685 presenti
1364 2638 1464 2673 carte
1491 2635 1662 2684 sigillum

200 2696 375 2730 nostrum
408 2706 496 2730 cum
528 2692 654 2742 sigillo
686 2693 859 2742 Capituli
890 2691 1012 2729 nostri
1039 2690 1146 2728 Linc’
1167 2690 1349 2727 duximus
1377 2688 1658 2738 apponendum.

201 2747 291 2784 Hiis
319 2747 497 2785 Testibus
530 2747 678 2796 Rogero
712 2747 879 2793 Decano‚
910 2745 956 2784 G.
987 2746 1224 2791 Pmoentore,
1248 2744 1395 2792 Rogero
1423 2742 1660 2790 cancellario,

201 2801 293 2850 Reg.
316 2801 543 2848 subdecano,
565 2800 778 2839 Willielmo
797 2800 848 2838 ffl'
868 2798 988 2847 Fu10’‚
1008 2799 1175 2848 Hugone
1195 2798 1242 2835 de
1265 2798 1303 2836 S.
1321 2796 1522 2843 Edwardo,
1546 2796 1591 2834 G.
1615 2796 1663 2834 de

203 2853 391 2903 Scardeb',
411 2855 438 2893 J
440 2855 591 2894 ohanne
613 2855 661 2893 de
680 2855 808 2902 Ebor',
828 2854 902 2892 Ad'
923 2854 970 2892 de
999 2853 1037 2892 S.
1060 2851 1280 2900 EdmundO,
1300 2850 1496 2901 Magistris
1515 2850 1663 2888 Thoma
