1844 3178
626 329 788 362 HUGON
793 330 833 362 IS
864 329 1026 362 WELLS.
1513 321 1564 361 61

110 428 234 479 priore
248 430 286 466 et
301 430 494 466 conventu
513 427 712 467 annuatim
730 427 986 477 percipienda.
1033 427 1085 466 Et
1098 428 1174 477 ipsi
1187 427 1290 477 prior
1304 429 1342 465 et
1356 432 1568 469 conventus

111 483 313 521 invenient
357 483 520 531 propriis
564 482 740 532 expensis
777 481 954 519 clericum
999 482 1182 520 idoneum
1228 484 1266 518 et
1310 483 1568 530 procurabunt

111 536 327 586 hospicium
371 535 644 574 Archidiaconi
681 539 719 573 et
756 538 878 573 cetera
923 548 1036 573 onera
1073 536 1201 573 omnia
1245 535 1493 574 sustinebunt
1530 541 1569 575 61

111 589 372 640 providebunt
399 590 540 628 vicario
568 590 615 628 de
642 590 751 628 tofto.
821 589 874 627 Et
901 593 959 627 est
985 590 1127 628 vicaria
1154 589 1233 627 fere
1259 589 1317 638 iiij
1347 602 1566 630 marcarum.

193 706 327 740 ευΤΗ
366 706 661 741 ΕμκιΝρΤοΝ,
693 697 847 735 Vicaria
860 697 903 734 in
917 696 1072 735 ecclesia
1088 697 1135 735 (16
1148 696 1410 736 Sudelkinton
1424 710 1500 746 que
1515 701 1572 736 est

114 751 320 790 eorundem
352 751 529 789 consistit
559 752 602 788 in
633 754 714 788 toto
746 751 926 801 altaragio
958 755 1084 800 preter
1114 751 1239 788 linum
1271 753 1310 788 et
1336 751 1380 788 in
1412 751 1573 790 dimidia

114 818 238 843 marca
257 805 304 842 de
323 804 437 842 dictis
455 805 579 854 priore
606 807 645 842 et
671 808 866 844 conventu
893 805 1093 842 annuatim
1110 804 1366 854 percipienda.
1424 804 1477 843 Et
1497 806 1573 855 ipsi

113 860 217 909 prior
227 861 266 896 et
277 861 489 897 conventus
502 859 704 897 invenient
717 859 858 897 vicario
873 859 1016 896 toftum
1031 861 1069 896 et
1084 858 1341 908 procurabunt
1355 858 1573 908 hospicium

115 912 388 951 Archidiaconi
415 915 453 950 et
481 913 610 950 omnia
636 912 710 951 alia
738 925 852 951 onera
878 912 1137 951 sustinebunt.
1194 912 1247 950 Et
1268 915 1327 950 est
1353 913 1495 951 vicaria
1513 913 1571 963 iiij

115 978 326 1005 marcarum
344 969 383 1004 et
402 978 446 1004 eo
465 966 640 1016 amplius.

196 1082 528 1117 GmMOLDEBY.
565 1073 720 1112 Vicaria
737 1074 780 1111 in
799 1074 954 1112 ecclesia
973 1074 1020 1111 (16
1040 1073 1240 1123 Grimolby
1261 1074 1370 1123 cujus
1389 1074 1576 1112 medietas

117 1130 175 1166 est
207 1127 397 1165 dictorum
428 1127 565 1176 prioris
596 1131 635 1166 et
667 1131 879 1166 conventus
912 1128 959 1166 de
993 1127 1181 1177 Ormesby
1213 1128 1266 1165 sic
1299 1132 1357 1165 est
1387 1128 1572 1167 ordinata.

117 1181 321 1220 Provisum
357 1183 416 1218 est
451 1181 556 1230 quod
600 1182 764 1220 vicarius
805 1195 873 1231 per
909 1182 1030 1219 dictos
1066 1181 1230 1231 priorem
1267 1184 1305 1219 et
1342 1185 1576 1220 conventum

116 1234 394 1286 presentandus
420 1234 561 1273 habeat
587 1236 831 1274 medietatem
859 1236 1030 1285 altaragii
1058 1236 1118 1273 sui
1145 1238 1271 1284 preter
1298 1235 1433 1274 linum.
1492 1236 1576 1284 Qus

116 1290 301 1327 medietas
327 1289 431 1327 valet
458 1290 556 1339 xxiij
586 1290 695 1327 solid'
724 1293 762 1327 et
789 1294 957 1339 preterea
984 1290 1124 1327 habeat
1149 1289 1252 1327 idem
1272 1290 1435 1327 vicarius
1454 1302 1577 1327 unum

117 1343 352 1393 quartarium
389 1342 575 1381 frumenti
619 1343 825 1393 paccabilis
860 1356 928 1393 per
963 1356 1108 1381 annum
1145 1343 1192 1380 de
1230 1343 1343 1380 dictis
1379 1344 1503 1392 priore
1540 1347 1578 1381 et

118 1400 322 1436 conventu.
379 1397 430 1435 Et
449 1398 524 1447 ipsi
542 1398 645 1447 prior
663 1402 701 1435 et
729 1400 941 1435 conventus
968 1397 1227 1447 providebunt
1252 1397 1392 1435 vicario
1412 1397 1460 1435 de
1478 1397 1578 1435 tofto

118 1454 157 1490 et
175 1449 434 1501 procurabunt
461 1451 677 1501 hospicium
704 1451 978 1489 Archidiaconi
997 1454 1034 1488 et
1054 1450 1300 1488 sustinebunt
1322 1453 1446 1488 cetera
1464 1463 1580 1489 onera

118 1504 385 1555 contingencia
402 1505 543 1543 dictam
562 1518 691 1543 eorum
709 1505 964 1544 medietatem.
1022 1504 1075 1542 Et
1092 1505 1196 1543 valet
1213 1504 1343 1542 totalis
1360 1504 1502 1543 vicaria
1519 1505 1577 1554 iiij

120 1559 242 1598 marc'.

203 1676 416 1710 ΒΒυΝΝΕ,
470 1666 625 1705 Vicaria
651 1666 694 1704 111
721 1666 877 1705 ecclesia
904 1666 952 1705 de
979 1665 1137 1704 Brunne
1169 1678 1243 1715 que
1271 1668 1329 1704 est
1356 1665 1507 1704 abbatis
1541 1668 1580 1704 613

122 1725 333 1760 conventus
353 1721 400 1758 (16
419 1720 548 1759 Β111116
567 1721 620 1759 610
640 1724 697 1759 661
716 1721 901 1759 01(1111313.
958 1719 1136 1758 Vicarius
1149 1719 1309 1758 habebit
1328 1719 1580 1758 sufficientem

122 1775 404 1814 exhibicionem
423 1775 549 1824 quoad
566 1775 715 1814 victum
733 1778 772 1813 et
790 1775 840 1813 ad
867 1787 1037 1813 mensam
1065 1774 1334 1812 canonicorum
1352 1777 1397 1812 ut
1415 1774 1580 1812 vicarius

122 1829 299 1868 secularis
311 1832 349 1867 et
359 1829 484 1878 garcio
494 1829 577 1878 ejus
588 1829 764 1867 similiter
775 1829 934 1867 habebit
943 1828 1225 1867 exhibicionem
1237 1829 1273 1866 ei
1285 1831 1574 1878 competentem.

123 1884 294 1922 Habebit
313 1883 431 1921 eciam
463 1883 627 1921 vicarius
660 1896 803 1932 equum
835 1896 947 1921 suum
979 1882 1029 1921 ad
1047 1882 1236 1931 foragium
1255 1882 1357 1920 dicte
1376 1882 1512 1920 domus
1533 1882 1581 1920 de

122 1938 263 1976 Bru'ne
296 1940 334 1975 et
369 1937 545 1974 similiter
577 1938 883 1987 quandocunque
914 1950 983 1987 pro
1015 1937 1182 1986 negociis
1214 1936 1369 1974 ecclesie
1387 1936 1511 1974 iturus
1531 1937 1582 1974 sit

122 1991 282 2030 habebit
301 1991 534 2040 prebendam
553 1991 764 2029 secundum
783 1991 983 2029 facultates
1003 1990 1150 2028 domus.
1200 1990 1373 2028 Habebit
1389 1993 1516 2027 autem
1533 1990 1582 2028 ad

123 2046 309 2085 vestitum
340 2058 454 2082 suum
485 2045 627 2095 viginti
658 2045 800 2083 solidos
831 2045 1044 2090 annuatim,
1065 2044 1281 2082 oblaciones
1308 2044 1350 2081 in
1370 2044 1580 2093 majoribus

125 2099 474 2149 sollempnitatibus
494 2099 598 2146 anni,
619 2102 657 2137 et
676 2112 743 2148 pro
758 2099 1001 2149 sponsalibus
1014 2096 1073 2144 id„
1091 2111 1159 2147 pro
1175 2110 1326 2148 corpore
1340 2098 1509 2147 presenti
1522 2095 1580 2145 id„

125 2156 163 2192 et
181 2153 392 2191 secundum
410 2153 588 2200 legatum.
637 2153 795 2191 Toftum
814 2155 942 2191 autem
960 2152 1119 2190 habebit
1136 2152 1237 2189 infra
1256 2152 1450 2189 abbatiam
1466 2152 1584 2201 juxta

124 2211 283 2258 portam.
344 2206 397 2245 Et
441 2207 518 2256 ipsi
552 2206 687 2245 Abbas
724 2210 763 2245 et
807 2209 1019 2245 conventus
1063 2205 1323 2255 procurabunt
1367 2205 1584 2255 hospicium

125 2261 398 2299 Archidiaconi
434 2263 473 2299 et
509 2262 630 2299 cetera
666 2274 780 2299 onera
824 2260 1072 2299 sustinebunt
1117 2263 1156 2298 et
1200 2259 1401 2298 invenient
1440 2259 1584 2298 vicario

125 2315 329 2354 diaconum
347 2314 566 2365 sumptibus
585 2315 748 2354 abbatie.
804 2315 857 2353 Et
876 2318 934 2353 est
952 2313 1093 2353 vicaria
1110 2314 1150 2363 vj
1171 2326 1393 2352 marcarum.

208 2433 447 2468 MORTON)
499 2423 653 2462 Vicaria
671 2423 715 2461 in
734 2422 890 2461 ecclesia
909 2422 957 2461 de
975 2422 1156 2460 Mortona
1183 2434 1258 2471 que
1285 2424 1343 2459 est
1376 2420 1585 2460 eorundem

127 2478 302 2516 consistit
333 2479 377 2516 in
407 2480 490 2517 toto
523 2477 704 2527 altaragio
738 2480 777 2516 et
809 2476 1040 2515 omnimodis
1072 2476 1229 2514 decimis
1262 2478 1388 2526 preter
1420 2475 1585 2513 decimas

127 2532 326 2582 garbarum
345 2535 383 2571 et
410 2531 503 2578 feni,
518 2531 712 2569 reddendo
739 2531 832 2570 inde
857 2531 1056 2569 annuatim
1075 2530 1352 2580 prenominatis
1371 2528 1519 2567 Abbati
1547 2532 1585 2567 et

128 2586 337 2625 conventui
373 2599 458 2623 xxx
484 2586 650 2624 solidos:
678 2588 716 2623 et
747 2585 824 2635 ipsi
850 2585 984 2623 Abbas
1018 2588 1056 2622 et
1084 2587 1297 2623 conventus
1325 2583 1603 2633 procurabunt,

127 2639 342 2690 hospicium
372 2639 647 2678 Archidiaconi
678 2642 717 2677 et
749 2642 872 2677 cetera
903 2638 1032 2676 omnia
1060 2650 1175 2676 onera
1193 2637 1441 2676 sustinebunt
1459 2641 1585 2686 preter

128 2694 316 2732 sinodalia
333 2707 408 2744 que
425 2693 590 2732 vicarius
607 2693 876 2732 tantummodo
895 2693 1017 2731 solvet
1035 2692 1246 2730 annuatim.
1301 2691 1354 2729 Et
1373 2691 1449 2741 ipsi
1467 2690 1585 2728 abbas

129 2751 168 2785 et
187 2752 398 2787 conventus
416 2748 517 2785 infra
534 2747 713 2797 pascham
733 2748 826 2785 anni
853 2747 938 2784 xxii
965 2746 1225 2796 providebunt
1242 2745 1384 2784 vicario
1404 2744 1452 2783 de
1470 2744 1582 2783 tofto.

130 2801 182 2840 Et
200 2806 257 2840 est
275 2802 415 2841 vicaria
434 2815 460 2840 v
479 2814 698 2840 marcarum.

723 2862 759 2888 In
771 2862 820 2888 the
831 2861 943 2892 margin
954 2868 994 2887 :—

413 2906 651 2944 Irrotulatur
669 2906 737 2944 7200
755 2905 964 2954 expressius
982 2904 1025 2942 in
1043 2906 1130 2942 roto.
1152 2900 1199 2941 ai.
1221 2902 1299 2941 sewi.
