1844 3178
240 345 294 387 34
755 353 891 386 LIBER
921 352 1156 393 ANTIQUUS

322 461 532 495 ΟΜΝΙυΜ
562 461 647 501 SS.‚
680 459 1086 495 ΝΟΒΤΗΑΜΡΤοΝ’,
1122 450 1276 489 Vicaria
1294 450 1337 489 in
1355 450 1512 489 ecclesia
1529 449 1702 488 omnium

243 508 469 545 Sanctorum
506 504 547 542 N
549 503 804 553 orthampton’
833 517 908 553 que
944 507 1002 542 est
1038 504 1311 542 monachorum
1344 504 1382 543 S.
1417 505 1572 543 Andree
1607 503 1705 541 Nor-

238 560 457 609 thampton'
477 559 703 597 auctoritate
731 558 883 595 concilii
911 558 1095 596 ordinata.
1153 558 1331 597 Vicarius
1358 558 1520 596 habebit
1546 559 1703 596 nomine

239 615 381 653 vicarie
400 626 466 651 sue
485 626 608 650 unum
627 611 840 649 corredium
858 612 1081 650 monachale
1104 612 1342 650 cotidianum
1361 613 1404 650 in
1422 612 1620 651 refectorio
1640 612 1705 650 vel

241 669 284 707 in
303 681 451 706 camera
475 667 612 716 prioris
638 666 702 704 vel
729 666 823 703 alibi
855 665 925 703 ubi
956 666 1122 704 voluerit
1155 669 1193 704 et
1220 667 1388 704 serviens
1417 679 1509 704 suus
1527 666 1704 704 similiter

242 735 365 761 unum
402 721 613 759 con-edium
649 720 846 757 consimile
886 719 1046 758 habebit
1090 721 1207 758 unius
1243 721 1430 769 majorum
1467 720 1704 758 servientum

242 777 432 826 prioratus
465 778 503 813 et
535 786 648 812 xxxs.
683 786 832 811 annuos
864 786 932 823 pro
965 774 1168 823 stipendiis
1201 777 1239 812 et
1270 777 1440 823 preterea
1470 774 1514 811 in
1541 777 1705 823 quatuor

241 829 518 880 principalibus
549 827 658 865 festis
677 827 914 865 oblacionem
932 828 1077 865 scilicet
1095 829 1137 865 in
1155 828 1330 877 quolibet
1348 828 1445 865 festo
1463 828 1543 877 vjd.
1602 827 1705 865 Item

242 884 486 922 medietatem
506 881 664 920 secundi
690 881 817 931 legati.
875 882 978 919 Item
1004 881 1178 930 quolibet
1206 882 1268 919 die
1295 882 1488 919 dominica
1509 881 1705 919 residuum

241 939 353 988 panis
380 936 582 975 benedicti.
651 935 752 973 Item
771 948 892 985 quum
911 935 1116 974 celebrabit
1136 949 1204 985 pro
1224 949 1378 985 corpore
1396 936 1564 985 presenti
1581 935 1645 973 vel
1662 935 1706 972 in

241 995 439 1030 contractu
457 990 684 1040 nupciarum
702 1003 823 1027 unum
843 989 1054 1028 denarium.
1111 990 1296 1028 Monachi
1314 990 1562 1028 sustinebunt
1577 989 1706 1027 omnia

243 1059 357 1084 onera
384 1048 422 1083 et
449 1045 651 1082 invenient
679 1044 758 1081 suis
785 1044 1004 1093 sumptibus
1032 1043 1128 1081 duos
1156 1044 1372 1094 capellanos
1399 1044 1441 1081 in
1469 1043 1706 1093 adjutorium

242 1100 376 1138 vicarii
395 1103 433 1137 et
453 1099 606 1136 clericos
625 1098 739 1136 dictis
758 1097 964 1147 capellanis
977 1098 1216 1136 necessarios.
1273 1097 1384 1135 Idem
1398 1100 1528 1135 autem
1541 1096 1706 1135 vicarius

243 1153 431 1203 capellani
445 1156 483 1190 et
495 1152 621 1190 clerici
631 1152 894 1201 juramentum
905 1152 1133 1201 prestabunt
1144 1152 1258 1190 dictis
1271 1152 1389 1202 priori
1401 1154 1438 1190 et
1449 1151 1647 1189 monachis
1658 1150 1707 1188 de

242 1208 428 1246 fidelitate
448 1208 502 1245 eis
521 1205 759 1245 observanda
776 1206 819 1243 in
836 1205 1120 1255 temporalibus.

325 1342 364 1375 S.
421 1341 665 1382 εοΜυΝοι,
718 1339 1124 1374 ΝοΒτΗΑΜΡτοΝπ
1190 1329 1345 1368 Vicaria
1388 1331 1432 1368 in
1476 1329 1632 1368 ecclesia
1664 1329 1704 1368 S.

242 1386 442 1424 Edmundi
479 1384 780 1435 Northampton'
822 1397 896 1434 que
941 1388 999 1422 est
1035 1384 1244 1422 eorundem
1285 1384 1509 1422 auctoritate
1554 1384 1707 1422 concilii

241 1441 417 1479 ordinata
453 1443 510 1478 est
547 1441 612 1478 sic.
688 1439 866 1477 Vicarius
910 1438 1071 1476 habebit
1116 1439 1272 1476 nomine
1307 1438 1446 1477 vicarie
1483 1450 1550 1476 sue
1585 1441 1707 1475 totam

242 1495 438 1533 ecclesiam
456 1494 563 1532 illam
582 1493 766 1532 solvendo
786 1493 968 1542 predictis
987 1493 1184 1530 monachis
1203 1505 1287 1530 xxs.
1318 1492 1366 1530 de
1389 1492 1522 1530 eadem
1540 1495 1580 1530 et
1597 1492 1709 1530 susti·

241 1549 370 1587 nendo
391 1548 521 1587 omnia
539 1561 653 1586 onera
668 1547 841 1598 ejusdem
856 1546 1011 1584 ecclesie
1031 1546 1162 1585 debita
1176 1550 1214 1584 et
1228 1549 1420 1585 consueta.
1469 1546 1521 1584 Et
1536 1546 1709 1596 provide-

240 1603 341 1641 bunt
359 1602 538 1641 monachi
556 1602 698 1641 vicario
718 1602 818 1640 sicut
836 1604 875 1639 et
894 1601 1075 1638 omnibus
1093 1600 1179 1639 aliis
1198 1601 1246 1638 de
1265 1613 1398 1639 manso
1418 1603 1668 1650 competente.

323 1739 362 1773 S.
413 1736 655 1776 cneconn,
707 1735 1113 1770 ΝοΒτΗΑΜΡτοΝκ
1177 1725 1331 1763 Vicaria
1374 1725 1418 1763 in
1466 1724 1623 1763 ecclesia
1667 1724 1705 1764 S.

243 1780 418 1831 Gregorii
434 1780 473 1817 N
477 1779 735 1828 orthampton’
748 1791 822 1828 que
833 1782 891 1816 est
903 1778 1110 1816 eorundem
1125 1780 1351 1818 auctoritate
1366 1779 1519 1817 concilii
1533 1779 1709 1817 ordinata

244 1840 301 1874 est
316 1836 380 1874 sic.
429 1834 608 1871 Vicarius
622 1833 784 1870 habebit
800 1833 955 1870 nomine
969 1833 1109 1870 vicarie
1129 1846 1195 1872 sue
1214 1834 1289 1872 sibi
1307 1834 1349 1871 in
1367 1833 1565 1871 refectorio
1585 1833 1647 1871 vel
1665 1834 1708 1871 in

244 1902 391 1928 camera
404 1888 541 1938 prioris
552 1890 683 1924 utrum
699 1886 864 1924 voluerit
878 1899 998 1924 unum
1014 1887 1225 1925 corredium
1241 1888 1463 1925 monachale
1482 1891 1521 1925 et
1539 1887 1710 1938 garcioni

245 1958 314 1982 suo
331 1956 453 1981 unuin
469 1941 681 1979 corredium
696 1941 883 1991 garcionis
898 1944 936 1978 et
952 1941 1046 1978 duas
1059 1954 1201 1980 marcas
1213 1955 1360 1980 annuas
1371 1954 1440 1991 pro
1453 1942 1657 1992 stipendiis
1672 1944 1710 1979 et

246 1999 289 2037 in
305 1996 568 2036 oblacionibus
585 1999 622 2033 et
635 1995 801 2033 secundo
817 1995 940 2045 legato
957 1995 1050 2033 etin
1065 1996 1308 2046 sponsalibus
1323 2000 1361 2034 et
1375 2009 1529 2046 corpore
1543 1995 1711 2045 presenti

245 2056 291 2091 ut
309 2065 423 2102 supra
441 2051 484 2088 in
502 2050 643 2088 vicaria
656 2049 841 2088 Omnium
855 2049 1091 2088 Sanctorum.
1150 2050 1336 2088 Monachi
1349 2063 1440 2088 vero
1455 2050 1584 2088 omnia
1598 2063 1712 2088 onera

248 2106 497 2145 sustinebunt
515 2107 561 2142 ut
579 2117 694 2153 supra
710 2117 718 2141 τ
747 2106 785 2141 et
804 2107 862 2142 est
880 2103 937 2142 ibi
952 2103 1097 2153 capella
1111 2103 1148 2143 S.
1166 2105 1312 2143 Thome
1327 2117 1402 2154 que
1416 2117 1497 2142 non
1511 2105 1711 2143 consuevit

250 2160 433 2199 deserviri
450 2159 527 2197 nisi
546 2158 594 2196 de
612 2158 746 2208 gracia.

331 2293 371 2326 S.
412 2289 782 2330 BARTHOLOMEl,
822 2289 1230 2324 ΝΟΒΤΗΑΜΡΤΟΝ.’
1284 2281 1439 2321 Vicaria
1476 2282 1520 2320 in
1556 2282 1714 2320 ecclesia

254 2339 291 2378 S.
318 2337 581 2376 Bai-tholomei
600 2336 640 2374 N
643 2335 901 2386 orthampton'
919 2349 994 2386 que
1012 2339 1070 2374 est
1089 2336 1296 2375 eorundem
1314 2336 1541 2375 auctoritate
1560 2337 1714 2375 concilii

254 2393 431 2431 ordinata
448 2394 504 2429 est
523 2391 587 2428 sic.
645 2390 823 2428 Vicarius
841 2390 1001 2428 habebit
1019 2390 1176 2428 nomine
1203 2391 1344 2429 vicarie
1362 2404 1431 2429 sue
1457 2393 1578 2428 totam
1604 2390 1714 2429 illam

253 2447 451 2485 ecclesiam
477 2444 674 2483 reddendo
701 2444 793 2482 inde
821 2445 1022 2482 annuatim
1049 2444 1163 2482 dictis
1191 2445 1389 2484 monachis
1415 2445 1430 2483 i
1462 2444 1602 2483 libram
1634 2445 1714 2483 albi

254 2501 402 2540 incensi
420 2503 458 2538 et
478 2499 607 2537 omnia
625 2511 740 2537 onera
758 2498 864 2536 illius
883 2498 1038 2536 ecclesie
1056 2499 1295 2538 sustinendo.

333 2635 374 2669 S.
416 2633 571 2673 EGloll,
611 2632 1017 2667 NORTHAMPTON’.
1075 2623 1227 2662 Vicaria
1253 2623 1296 2661 in
1323 2623 1481 2662 ecclesia
1509 2622 1547 2661 S.
1583 2622 1715 2672 Egidii

253 2677 553 2727 Northampton’
574 2689 648 2726 que
669 2680 726 2714 est
744 2677 953 2714 eorundem
971 2678 1197 2715 auctoritate
1216 2678 1371 2716 concilii
1389 2677 1563 2715 ordinata
1575 2680 1632 2714 est
1646 2677 1711 2715 sic.

252 2733 430 2771 Vicarius
449 2730 608 2769 habebit
628 2731 785 2768 nomine
803 2731 944 2768 vicarie
963 2743 1031 2768 sue
1049 2734 1171 2769 totam
1185 2732 1292 2769 illam
1306 2732 1502 2770 ecclesiam
1519 2730 1715 2768 reddendo

253 2787 346 2824 inde
383 2786 497 2823 dictis
526 2784 725 2822 monachis
752 2785 954 2822 annuatim
981 2785 1036 2834 xij
1066 2798 1211 2823 marcas
1238 2786 1272 2823 si
1299 2785 1512 2835 capitulum
1539 2783 1715 2822 Lincoln'

256 2840 424 2877 noluerit
438 2839 492 2876 eis
508 2838 729 2876 confirmare
741 2838 768 2887 ij
786 2851 929 2876 marcas
944 2839 985 2876 in
1001 2839 1172 2889 proprios
1184 2852 1275 2878 usus
1288 2839 1466 2877 similiter
1480 2851 1568 2876 cum
1581 2851 1606 2876 x
1621 2850 1716 2889 quas

256 2895 361 2944 prius
379 2893 526 2931 habent
545 2893 587 2930 in
607 2892 749 2930 eadem.
