1844 3178
280 337 334 380 58
796 346 934 383 LIBER
963 350 1197 391 ANTIQUUS

280 449 420 487 vicarie
435 451 560 486 totum
575 447 798 496 altaragium
815 450 853 485 et
867 447 1027 486 habebit
1043 448 1090 486 de
1105 447 1310 486 medietate
1325 448 1460 498 prioris
1475 451 1513 487 et
1527 453 1738 488 conventus

281 501 355 556 [fo.
380 500 461 555 17³]
491 503 539 540 de
567 502 676 540 Sixle
714 501 936 551 quindecim
972 502 1114 540 solidos
1151 502 1262 540 certis
1294 503 1469 541 terminis
1503 504 1740 553 recipiendos

278 560 317 595 et
367 556 604 595 tantumdem
650 555 808 605 recipiet
854 555 902 594 de
947 556 1152 594 medietate
1193 556 1329 606 prioris
1369 559 1408 594 et
1444 560 1656 595 conventus
1693 557 1740 595 de

277 610 479 660 Markeby.
537 610 590 647 Et
621 609 698 660 ipsi
731 609 875 659 priores
907 612 946 648 et
980 613 1194 649 conventus
1226 610 1485 659 procurabunt
1522 611 1738 661 hospicium

276 664 551 703 Archidiaconi
589 666 627 701 et
664 666 788 701 cetera
825 676 939 701 onera
971 667 1053 702 tam
1081 664 1271 701 ordinaria
1298 677 1414 714 quam
1442 665 1740 703 extraordinaria

275 719 534 756 sustinebunt.
591 717 644 755 Et
681 717 942 767 providebunt
979 718 1120 756 vicario
1159 718 1207 756 de
1244 718 1356 756 tofto.
1414 718 1467 756 Et
1504 721 1562 757 est
1597 719 1739 757 vicaria

275 773 393 810 trium
431 784 642 810 marcarum
679 774 718 809 et
755 771 924 810 dimidie.
987 771 1098 809 Prior
1134 775 1174 809 et
1210 774 1424 810 conventus
1462 772 1509 810 de
1546 772 1738 822 Markeby

276 827 492 864 concedunt
525 826 572 863 de
606 838 675 863 sua
704 825 909 863 medietate
938 825 1093 863 ecclesie
1122 826 1336 864 Willielmo
1356 827 1496 864 vicario
1520 830 1737 876 presentato

274 893 343 930 per
360 880 514 918 eosdem
543 892 674 918 omnes
703 879 919 917 oblaciones
947 882 985 918 et
1013 880 1269 918 obvenciones
1291 880 1494 918 hominum
1513 893 1667 918 suorum
1694 881 1738 918 in

276 934 410 972 eadem
427 934 522 972 villa
539 933 782 971 manencium
798 937 836 971 et
850 936 1020 983 preterea
1039 933 1205 972 decimas
1223 934 1332 971 bladi
1351 934 1398 972 de
1418 934 1568 972 duabus
1586 934 1738 973 bovatis

276 991 385 1036 terre,
404 988 548 1026 scilicet
579 987 677 1037 xviij
711 988 806 1025 acris
839 1000 933 1036 quas
953 987 1139 1025 Ricardus
1159 988 1207 1025 de
1226 988 1415 1026 Binebroc
1434 988 1525 1026 colit
1544 988 1586 1026 in
1605 988 1738 1026 eadem

275 1042 379 1090 villa,
401 1042 519 1080 eciam
539 1041 586 1080 de
607 1044 772 1091 quatuor
790 1042 885 1079 acris
904 1054 998 1091 quas
1017 1041 1176 1080 Aduina
1194 1042 1274 1080 filia
1294 1042 1412 1080 Gode’
1432 1042 1574 1080 excolit
1591 1042 1738 1080 ibidem

274 1096 448 1146 quolibet
466 1109 568 1134 anno
601 1097 637 1134 ei
668 1099 838 1146 tempore
866 1096 1071 1145 autumpni
1094 1096 1358 1146 percipiendas
1377 1099 1416 1135 et
1435 1109 1460 1135 v
1479 1096 1622 1135 solidos
1640 1109 1737 1146 quos

273 1150 308 1188 ei
327 1150 377 1189 ad
397 1150 540 1189 festum
561 1149 598 1189 S.
622 1150 811 1200 Botulphi
831 1149 981 1188 dabunt
1000 1150 1048 1188 de
1068 1149 1227 1189 Camera
1245 1163 1323 1189 sua.

352 1268 491 1302 ννεετ
523 1267 801 1301 ΤΙΒΒΙΝΤΟΝ,
857 1257 1011 1296 Vicaria
1038 1258 1081 1295 in
1109 1258 1265 1297 ecclesia
1287 1258 1335 1296 de
1357 1257 1636 1297 Westirrinton
1663 1271 1738 1308 que

274 1315 331 1350 est
364 1313 500 1362 prioris
533 1316 572 1350 et
604 1315 816 1350 conventus
849 1312 897 1350 de
930 1312 1135 1350 Bullinton
1169 1312 1345 1351 consistit
1372 1313 1415 1350 in
1444 1315 1527 1351 toto
1555 1312 1736 1362 altaragio

273 1369 399 1416 preter
435 1366 561 1405 linum
598 1369 636 1404 et
672 1366 715 1403 in
752 1364 908 1404 decimis
946 1367 1120 1404 omnium
1165 1367 1372 1404 croftorum
1417 1369 1456 1404 et
1501 1367 1543 1404 in
1579 1366 1738 1404 decimis

274 1421 475 1470 garbarum
495 1423 659 1471 quatuor
676 1420 904 1458 bovatarum
935 1423 1033 1458 terre
1065 1421 1107 1458 in
1136 1421 1268 1459 eadem
1286 1421 1389 1459 villa.
1450 1420 1554 1469 Quas
1573 1423 1737 1470 quatuor

274 1475 434 1513 bovatas
453 1478 587 1513 tenent
605 1475 772 1512 Thomas
787 1474 949 1513 Musteil
964 1478 1001 1512 et
1016 1474 1182 1513 Thomas
1196 1475 1248 1512 ffl’
1263 1475 1395 1522 Hulle,
1412 1475 1557 1513 scilicet
1571 1475 1737 1513 Thomas

275 1529 437 1567 Musteil
469 1533 545 1567 tres
573 1529 744 1576 bovatas,
779 1531 818 1566 et
849 1529 1016 1567 Thomas
1048 1529 1100 1567 fil’
1135 1529 1254 1567 Hulle
1284 1542 1402 1567 unam
1429 1529 1635 1568 bovatam:
1663 1542 1738 1579 que

273 1583 414 1622 bovate
432 1583 573 1622 vicario
593 1586 683 1621 sunt
703 1582 904 1633 assignate.
962 1583 1014 1621 Et
1034 1583 1129 1621 dicti
1155 1584 1258 1633 prior
1277 1587 1315 1621 et
1335 1586 1548 1622 conventus
1565 1596 1739 1633 procura-

273 1637 374 1675 bunt
422 1637 639 1687 hospicium
684 1636 961 1675 Archidiaconi
1007 1640 1046 1675 et
1093 1640 1216 1676 cetera
1262 1650 1376 1675 onera
1421 1638 1465 1675 in
1509 1640 1738 1687 perpetuum

273 1692 521 1730 sustinebunt
541 1695 579 1730 et
597 1691 860 1741 providebunt
888 1691 1031 1730 vicario
1060 1691 1108 1730 de
1135 1692 1245 1730 tofto.
1302 1692 1355 1730 Et
1383 1694 1440 1730 est
1459 1692 1601 1730 vicaria
1619 1692 1738 1729 trium

272 1757 483 1784 marcarum
503 1749 540 1784 et
560 1745 732 1785 dimidie.

357 1863 636 1898 ι-ΑΝΕΕΤΟΝ,
674 1853 828 1892 Vicaria
847 1854 889 1892 in
908 1853 1064 1892 ecclesia
1078 1853 1125 1892 de
1140 1853 1341 1904 Langeton
1360 1867 1434 1904 que
1453 1856 1511 1892 est
1529 1853 1737 1892 eorundem

273 1908 451 1946 consistit
478 1908 521 1945 in
548 1911 631 1946 toto
660 1907 842 1957 altaragio
872 1921 959 1945 cum
988 1908 1089 1947 tofto
1118 1909 1369 1958 assignando:
1403 1911 1442 1946 et
1468 1908 1544 1958 ipsi
1571 1909 1674 1958 prior
1699 1910 1738 1946 et

274 1965 486 2001 conventus
505 1962 766 2012 procurabunt
783 1962 999 2012 hospicium
1017 1962 1292 2001 Archidiaconi
1319 1966 1357 2001 et
1385 1966 1508 2001 cetera
1526 1975 1640 2000 onera
1657 1965 1738 2000 tam

275 2016 467 2054 ordinaria
512 2029 629 2067 quam
676 2016 976 2055 extraordinaria
1017 2016 1277 2055 sustinebunt.
1351 2016 1403 2055 Et
1440 2020 1498 2055 est
1533 2016 1674 2055 vicaria
1712 2029 1738 2054 v

274 2082 497 2110 marcarum.

357 2188 656 2222 ΡΒΕεΚΕΝΕΥ,
720 2178 876 2217 Vicaria
912 2178 955 2216 in
993 2178 1149 2217 ecclesia
1195 2178 1243 2217 de
1288 2178 1520 2216 Freskeneia
1563 2191 1638 2228 que
1681 2180 1738 2216 est

273 2232 481 2270 eorundem
508 2231 683 2270 consistit
710 2232 753 2270 in
780 2235 862 2271 toto
890 2232 1072 2283 altaragio
1101 2236 1226 2283 preter
1252 2233 1309 2271 sal
1337 2246 1424 2273 cum
1452 2232 1631 2270 domibus
1659 2232 1738 2270 suis
1762 2231 1763 2234 ’

268 2287 385 2336 juxta
412 2286 609 2325 ecclesiam
637 2289 675 2324 et
703 2299 791 2324 cum
819 2300 895 2325 una
923 2287 1015 2325 roda
1042 2290 1140 2325 terre
1168 2287 1217 2325 ad.
1247 2287 1501 2337 curtilagium,
1543 2286 1737 2324 reddendo

273 2341 365 2379 inde
401 2341 603 2379 annuatim
639 2341 822 2390 predictis
868 2341 1058 2391 prioribus
1095 2340 1183 2393 (sic)
1221 2344 1259 2379 et
1292 2341 1547 2380 conventibus
1585 2339 1672 2391 (sic)
1710 2353 1738 2378 x

273 2407 417 2433 marcas
435 2395 605 2444 argenti:
636 2397 675 2432 et
693 2395 769 2445 ipsi
789 2395 933 2445 priores
952 2398 990 2433 et
1010 2398 1224 2434 conventus
1242 2395 1502 2445 procurabunt
1520 2394 1737 2444 hospicium

272 2449 547 2488 Archidiaconi
566 2452 604 2487 et
623 2452 746 2487 cetera
773 2462 887 2488 onera
914 2449 1044 2488 omnia
1070 2450 1329 2488 sustinebunt.
1386 2450 1438 2488 Et
1467 2452 1525 2488 est
1542 2449 1684 2488 vicaria
1704 2449 1736 2488 C

271 2503 490 2542 solidorum.

356 2620 656 2655 ssuLuNGTON.
721 2611 877 2650 Vicaria
925 2611 968 2650 in
1013 2611 1169 2650 ecclesia
1216 2611 1263 2649 de
1309 2611 1512 2649 Bullinton
1560 2623 1635 2661 que
1680 2614 1738 2649 est

273 2666 463 2703 dictorum
511 2665 649 2715 prioris
686 2668 724 2703 et
761 2669 973 2704 conventus
1011 2666 1059 2704 de
1105 2666 1311 2704 Bullinton
1360 2665 1536 2703 consistit
1573 2666 1616 2703 in
1653 2667 1736 2703 toto

271 2720 452 2769 altaragio
485 2722 612 2769 preter
638 2719 764 2757 linum
797 2723 835 2757 et
867 2724 994 2769 preter
1027 2720 1154 2758 exitus
1187 2719 1419 2757 decimarum
1452 2720 1554 2757 curie
1587 2719 1737 2757 domini

271 2774 448 2823 Philippi
480 2774 528 2811 de
562 2773 694 2823 Kyma
726 2773 829 2824 apud
862 2774 1078 2821 Golthowe,
1099 2777 1137 2811 et
1164 2774 1207 2811 in
1228 2774 1385 2811 decimis
1421 2774 1621 2822 garbarum
1651 2776 1735 2810 octo

271 2828 499 2865 bovatarum
526 2830 625 2865 terre
652 2840 747 2878 quas
775 2827 903 2866 Adam
933 2828 1052 2867 Staile
1072 2831 1110 2866 et
1130 2828 1334 2875 Martinus,
1361 2827 1442 2866 Ric'
1462 2827 1514 2865 fil'
1533 2826 1734 2874 Aumund‚

272 2881 470 2921 Gilbertus
482 2881 534 2920 fil'
546 2881 659 2932 Agn',
673 2882 900 2921 Willielmus
913 2882 1045 2931 Stake,
1060 2881 1297 2920 Willielmus
1309 2882 1360 2920 fil’
1374 2881 1534 2929 Warin²,
1548 2881 1735 2920 Ricardus
