1844 3178
217 362 272 406 74
732 371 871 406 LIBER
899 371 1135 412 ANTIQUUs

218 471 416 521 Hospitali
443 471 491 509 de
509 469 639 508 Einho
659 470 702 508 in
720 483 812 508 usus
830 470 1002 520 proprios
1021 468 1239 508 habendam
1258 469 1500 508 concedimus
1519 471 1558 507 et
1585 468 1679 518 epis-

151 574 155 578 ,
215 526 340 575 copali
370 525 595 563 auctoritate
632 525 909 563 confirmamus.
967 524 1092 563 Salvis
1123 524 1167 561 in
1196 523 1375 562 omnibus
1403 522 1681 574 episcopalibus

216 580 560 618 consuetudinibus
572 582 609 616 et
621 578 795 617 Lincoln’
811 579 966 617 ecclesie
981 578 1177 627 dignitate.
1229 577 1344 626 Quod
1354 590 1443 616 vero
1457 579 1681 627 perpetuam

217 634 391 683 optineat
409 634 629 671 firmitatem
657 633 826 682 presenti
852 634 993 683 scripto
1021 632 1191 681 sigillum
1218 635 1394 669 nostrum
1420 631 1677 681 apposuimus.

216 688 305 725 Hiis
317 688 481 726 testibus
493 687 557 725 W.
573 687 620 725 de
631 686 815 725 Thornac’
829 687 1093 725 archidiacono
1109 687 1250 733 Stowe,
1264 686 1450 735 Magistro
1466 684 1680 734 Reginaldo

217 741 265 779 de
292 742 424 790 Cestr',
454 742 602 791 Rogero
635 741 841 791 capellanO,
871 742 986 779 Petro
1014 740 1062 778 de
1090 739 1267 787 Bathon',
1297 739 1463 777 canonic'
1491 737 1681 786 Lincoln',

216 795 402 846 Magistro
430 795 476 834 R.
507 796 555 833 de
584 794 723 843 Gruel’,
745 795 930 844 Magistro
949 796 995 834 R.
1027 794 1074 832 de
1102 794 1344 844 Tingehurst‚
1366 794 1412 832 R.
1434 793 1482 831 de
1514 792 1681 839 Bohum,

216 849 415 899 Stephano
448 849 496 887 de
524 848 692 897 Cicestr',
722 852 760 886 et
787 849 883 887 aliis.
939 848 1032 888 Dat'
1059 861 1128 898 per
1153 860 1312 886 manum
1348 848 1395 886 R.
1425 846 1683 885 archidiaconi

217 903 442 942 Huntedon’
479 903 584 953 apud
619 903 825 942 Bannebir’
861 904 1025 954 septimo
1062 902 1158 941 Idus
1194 902 1394 941 Februarii
1429 901 1683 940 Pontificatus

215 958 338 996 nostri
355 970 458 996 anno
476 960 595 996 sexto.

296 1074 660 1109 ΑΡΡΒΟΡΒΙΑΟΙΟ
687 1065 833 1104 ecclesie
860 1065 906 1104 de
942 1066 1106 1104 Horten.

297 1119 502 1158 Universis
528 1122 658 1158 sancte
685 1120 818 1158 matris
845 1120 1001 1158 ecclesie
1028 1120 1119 1158 filiis
1148 1118 1214 1158 &c
1266 1117 1430 1157 Noverit
1456 1116 1686 1155 universitas

217 1176 344 1212 vestra
370 1186 441 1211 nos
469 1173 517 1211 de
537 1187 724 1212 consensu
743 1174 903 1224 capituli
929 1175 1052 1212 nostri
1070 1173 1177 1212 Linc'
1197 1173 1330 1211 divine
1356 1172 1511 1222 pietatis
1538 1171 1687 1208 intuitu

217 1227 426 1266 concessise
445 1230 482 1265 et
502 1228 652 1266 dedisse
677 1228 828 1266 dilectis
846 1228 889 1266 in
917 1228 1071 1267 Christo
1091 1228 1181 1266 filiis
1199 1227 1331 1265 abbati
1349 1229 1389 1265 et
1416 1225 1624 1264 conventui
1644 1225 1683 1263 S.

216 1282 356 1320 Jacobi
373 1281 415 1320 N
416 1281 673 1332 orthampton'
693 1282 886 1320 ecclesiam
909 1282 956 1320 de
975 1283 1131 1321 Horton
1149 1295 1237 1320 cum
1248 1281 1427 1319 omnibus
1439 1278 1686 1330 pertinenciis

218 1336 299 1374 suis
343 1336 386 1373 in
432 1336 605 1386 proprios
649 1349 742 1374 usus
787 1337 1073 1387 imperpetuum
1117 1336 1334 1375 habendam
1379 1338 1418 1373 et
1466 1332 1686 1380 tenendam,

217 1391 416 1440 ipsamque
435 1390 490 1428 eis
508 1390 733 1429 auctoritate
752 1391 958 1441 episcopali
972 1391 1251 1429 confirmamus.
1308 1388 1436 1429 Salvis
1454 1388 1497 1426 in
1508 1387 1689 1425 omnibus

219 1444 499 1494 episcopalibus
518 1445 862 1484 consuetudinibus
881 1449 920 1483 et
932 1445 1039 1484 Linc'
1059 1445 1214 1484 ecclesie
1233 1444 1431 1494 dignitate.
1502 1442 1553 1480 In
1571 1441 1690 1490 hujus

218 1499 337 1548 igitur
354 1499 410 1536 rei
427 1499 543 1537 robur
561 1502 600 1537 et
617 1500 882 1537 testimonium
902 1500 1073 1550 sigillum
1091 1503 1268 1538 nostrum
1286 1501 1325 1537 et
1343 1497 1514 1547 sigillum
1529 1495 1690 1546 capituli

219 1553 342 1590 nostri
360 1552 468 1591 Linc’
496 1553 588 1591 huic
615 1554 756 1604 scripto
784 1557 876 1591 suut
903 1555 1087 1604 apposita.
1145 1554 1235 1592 Hiis
1262 1552 1428 1591 testibus
1456 1551 1502 1589 R.
1533 1550 1690 1598 decano,

221 1606 267 1645 G.
289 1610 521 1656 precentore,
537 1607 685 1657 Rogero
713 1608 946 1656 cancellario,
970 1608 1146 1647 Gilberto
1165 1607 1426 1654 thesaurari03
1469 1603 1691 1643 Reimundo

219 1660 332 1708 Leiog
355 1660 524 1699 Roberto
543 1662 583 1699 N
586 1662 838 1712 orhampton',
867 1662 1090 1700 Alexandro
1114 1662 1328 1710 Bedeford',
1356 1661 1383 1699 J
1385 1660 1536 1698 ohanne
1552 1657 1690 1706 Oxon’,

220 1714 435 1753 Willielmo
474 1716 615 1764 Stowe,
652 1716 822 1754 Roberto
859 1716 1097 1764 Huntedon',
1135 1715 1460 1763 Archidiaconis3
1505 1712 1692 1762 Magistro

220 1769 434 1819 Reginaldo
454 1770 501 1807 de
527 1769 658 1817 Cestr',
679 1770 866 1820 Magistro
885 1771 1058 1809 Waltero
1078 1771 1126 1809 de
1155 1768 1279 1818 Well''‚
1301 1770 1450 1819 Rogero
1479 1767 1687 1818 capellano,

221 1823 336 1861 Petro
365 1823 413 1861 de
441 1824 618 1872 Bathon',
657 1825 850 1863 canonicis
885 1824 1073 1872 Lincoln',
1114 1823 1197 1878 [Fo.
1229 1822 1316 1877 23¹0]
1351 1822 1537 1873 Magistro
1565 1821 1612 1860 R.
1644 1820 1692 1858 de

222 1877 387 1925 Grauel',
400 1878 586 1928 Magistro
599 1879 645 1917 R.
663 1878 711 1916 de
729 1878 974 1928 Tingehurst,
995 1880 1041 1919 R.
1067 1880 1115 1918 de
1133 1879 1288 1927 Bohun,
1303 1879 1419 1917 Petro
1439 1877 1486 1914 de
1502 1874 1692 1926 WVylton',

222 1932 266 1970 P.
310 1931 358 1969 de
401 1931 643 1981 Cheu'mont,
687 1932 885 1983 Stephano
931 1934 978 1972 de
1015 1934 1183 1981 Cicestr',
1223 1936 1261 1972 et
1297 1933 1393 1971 aliis.
1452 1931 1543 1968 Dat'
1589 1928 1694 1980 apud

223 1985 466 2025 Lincolniam
503 1986 731 2026 duodecimo
762 1987 839 2026 kal.
870 1987 1017 2039 Aprilis
1048 1989 1296 2039 pontificatus
1322 1987 1446 2026 nostri
1481 1997 1582 2024 anno
1619 1984 1690 2033 vj0.

304 2103 669 2140 ΑΡΡΒΟΡΒΙΑΟΙΟ
707 2096 932 2144 Billesfeld'.

306 2148 511 2187 Universis
548 2150 609 2187 &a
683 2149 849 2189 Noverit
885 2150 1116 2189 universitas
1152 2153 1280 2190 vestra
1311 2163 1383 2189 nos
1420 2149 1468 2188 de
1506 2159 1692 2186 consensu

225 2202 386 2253 capituli
412 2203 536 2242 nostri
562 2202 699 2242 Linc’?
700 2204 833 2243 divine
860 2205 1016 2255 pietatis
1042 2205 1192 2244 intuitu
1224 2204 1452 2243 concessisse
1477 2207 1516 2242 et
1541 2201 1692 2240 dedisse

227 2257 379 2295 dilectis
397 2257 441 2295 in
461 2257 615 2297 Christo
634 2258 726 2296 filiis
744 2259 878 2297 abbati
893 2263 931 2298 et
946 2260 1156 2298 conventui
1174 2259 1222 2297 de
1241 2260 1401 2297 Brunna
1428 2256 1626 2297 ecclesiam
1645 2256 1693 2294 de

226 2311 427 2350 Billesfeld
455 2324 542 2350 cum
570 2313 750 2351 omnibus
777 2313 1025 2363 pertinenciis
1052 2314 1132 2352 suis
1163 2314 1206 2351 in
1238 2313 1411 2363 proprios
1438 2325 1530 2351 usus
1556 2310 1693 2360 imper-

227 2369 388 2416 petuum
407 2365 625 2404 habendam
644 2370 683 2404 et
701 2367 919 2416 tenendam,
943 2368 1142 2418 ipsamque
1162 2368 1216 2406 eis
1235 2367 1460 2406 auctoritate
1486 2366 1693 2417 episcopali

228 2420 507 2459 confirmamus.
571 2420 698 2459 Salvis
716 2422 758 2458 in
778 2422 958 2460 omnibus
977 2422 1044 2460 &c
1103 2422 1153 2459 In
1171 2422 1290 2472 hujus
1308 2421 1428 2472 igitur
1445 2421 1500 2459 rei
1517 2420 1635 2459 robur
1653 2424 1692 2459 et

228 2474 494 2512 testimonium
513 2475 683 2525 sigillum
702 2479 877 2514 nostrum
895 2479 933 2514 et
949 2476 1119 2526 sigillum
1138 2476 1298 2526 capituli
1316 2476 1438 2514 nostri
1465 2473 1574 2513 Linc’
1602 2475 1694 2512 huic

228 2529 370 2578 scripto
405 2531 497 2566 sunt
525 2530 711 2579 apposita.
767 2530 858 2568 Hiis
877 2531 1054 2578 testibus,
1075 2531 1223 2581 Rogero
1242 2530 1398 2578 decano,
1420 2529 1595 2568 Galfrido
1614 2542 1695 2579 pre-

228 2586 392 2630 centore,
440 2583 588 2633 Rogero
634 2584 869 2632 cancellario,
918 2584 1114 2623 Gileberto
1164 2585 1399 2622 thesaurario
1412 2597 1424 2632 3
1474 2584 1694 2623 Reimundo

228 2635 420 2684 Leicestr’,
440 2637 609 2675 Roberto
628 2638 669 2675 N
670 2638 868 2689 orhampt'‚
889 2638 1111 2677 Alexandro
1131 2638 1344 2686 Bedesord’,
1360 2638 1540 2677 Johanne
1556 2638 1693 2688 Oxon’,

227 2690 443 2728 Willielmo
464 2691 632 2739 Stomve,
652 2692 821 2731 Roberto
841 2693 1123 2743 Huntingdon',
1146 2693 1438 2731 Archidiaconis
1452 2707 1464 2742 3
1507 2693 1694 2743 Magistro

229 2744 443 2794 Reginaldo
462 2745 511 2783 de
530 2745 663 2793 Cestr’,
685 2746 872 2796 Magistro
893 2746 1064 2785 Waltero
1094 2748 1142 2785 de
1160 2746 1277 2794 Well,
1307 2747 1455 2797 Rogero
1484 2748 1693 2798 capellano,

231 2798 347 2836 Petro
366 2799 415 2836 de
433 2799 611 2847 Bathon’‚
630 2801 821 2839 canonicis
840 2801 1015 2839 Lincoln'
1031 2814 1043 2849 ;
1071 2801 1257 2852 Magistro
1273 2802 1441 2840 Roberto
1461 2802 1509 2840 de
1529 2802 1693 2853 Grauel',

233 2852 420 2902 Magistro
431 2853 595 2891 Ricardo
609 2854 655 2892 de
667 2855 911 2904 Tingehurst,
925 2855 1073 2905 Rogero
1088 2856 1136 2894 de
1148 2856 1301 2904 Bohun,
1314 2856 1430 2896 Petro
1445 2857 1493 2896 de
1506 2857 1694 2908 Wylton',

234 2906 350 2945 Petro
378 2907 426 2945 de
455 2907 699 2955 Cheu'mont,
733 2909 931 2959 Stephano
966 2909 1014 2947 de
1042 2910 1209 2958 Cicestr',
1239 2914 1278 2949 et
1305 2911 1400 2950 aliis.
1472 2911 1562 2950 Dat'
1593 2912 1697 2963 apud

235 2961 487 3009 Lincolniam‚
505 2963 582 3012 xij0
601 2962 752 3001 kalend⁷
773 2964 919 3014 Aprilis
937 2964 1183 3014 pontificatus
1202 2966 1324 3004 nostri
1342 2978 1444 3005 anno
1463 2967 1532 3005 vi0.
