1844 3178
275 322 328 362 42
794 331 932 365 LIBER
962 331 1196 372 ANTIQUUS

273 432 362 470 dam
388 430 660 469 racionabilem
687 428 738 467 ad
765 441 887 467 unum
914 429 1144 479 palefridum
1172 433 1210 468 et
1227 429 1388 469 habebit
1406 431 1622 471 oblaciones
1641 433 1692 471 ad
1710 446 1737 472 v

272 486 372 524 festa
390 485 483 523 anni
502 484 647 523 scilicet
666 483 716 521 ad
742 483 884 521 festum
913 484 1098 522 Omnium
1128 484 1356 523 Sanctorum
1374 485 1427 522 id.
1448 486 1498 524 ad
1516 485 1632 524 natal’
1650 487 1733 537 iijd.

271 540 321 578 ad
339 540 519 589 pascham
537 538 604 588 ijd.
623 537 672 575 ad
691 537 957 575 Pentecostem
971 538 1023 576 id.
1041 539 1089 577 ad
1103 538 1246 576 festum
1260 539 1414 577 ecclesie
1433 539 1483 578 id.
1500 552 1568 590 pro
1584 553 1738 590 corpore

270 594 440 644 presenti
475 593 529 630 id.
576 605 644 641 pro
690 591 932 641 sponsalibus
977 592 1029 631 id.
1089 592 1276 631 Similiter
1322 592 1481 631 habebit
1526 595 1737 632 secundum

269 648 448 698 legatum.
506 646 683 684 Preterea
701 645 784 695 ipse
810 645 976 683 vicarius
1003 646 1164 684 habebit
1191 646 1287 684 duas
1305 658 1450 685 marcas
1468 649 1668 686 annuatim
1687 648 1737 687 ad.

269 715 310 740 se
341 701 585 740 vestiendum
618 702 657 737 et
689 698 806 736 abbas
834 702 874 737 et
902 703 1114 738 conventus
1146 700 1407 750 providebunt
1439 714 1562 739 unum
1593 702 1737 740 toftum

270 758 378 793 extra
396 756 607 805 prioratum
626 756 666 791 et
683 753 944 803 procurabunt
963 753 1178 804 hospicium
1194 753 1452 793 archidiaconi
1471 758 1511 794 et
1528 756 1603 794 alia
1622 769 1738 795 onera

268 813 349 848 tam
367 809 558 848 ordinaria
575 820 692 858 quam
711 807 1011 846 extraordinaria
1029 808 1287 847 sustinebunt.

349 942 598 979 owRESBY‚
635 931 790 970 Vicaria
816 932 860 970 in
878 931 1035 970 ecclesia
1053 932 1101 970 de
1123 932 1308 983 Owresby
1337 945 1412 983 que
1440 936 1497 971 est
1524 933 1662 984 prioris
1687 934 1735 972 de

269 988 391 1027 Cruce
409 987 526 1026 Roeis
547 985 711 1039 [blank]

350 1120 624 1155 ELLESHAM
690 1109 844 1148 Vicaria
871 1110 915 1148 in
942 1110 1098 1149 ecclesia
1117 1110 1164 1149 de
1184 1110 1409 1149 Hellesham
1428 1124 1503 1161 que
1522 1114 1580 1150 est
1597 1113 1735 1162 prioris

267 1170 307 1206 et
321 1168 534 1205 conventus
549 1164 722 1214 ejusdem
736 1164 811 1202 loci
825 1165 879 1202 sic
894 1167 952 1202 est
967 1165 1152 1203 ordinata.
1210 1165 1389 1203 Vicarius
1403 1165 1563 1203 habebit
1577 1167 1735 1205 nomine

265 1220 405 1259 vicarie
425 1219 636 1257 corredium
650 1218 815 1256 duorum
829 1219 1097 1257 canonicorum
1112 1219 1240 1257 sibiet
1254 1219 1398 1258 decano
1413 1232 1481 1258 suo
1496 1220 1545 1258 ad
1564 1233 1736 1258 mensam

266 1275 402 1325 prioris
421 1277 459 1311 et
477 1272 637 1310 habebit
656 1273 752 1310 duas
771 1285 913 1310 marcas
942 1285 1089 1310 annuas
1108 1273 1157 1310 ad
1175 1273 1361 1311 vestitum
1379 1286 1502 1312 suum.
1560 1274 1734 1313 Habebit

266 1330 386 1367 eciam
405 1327 616 1365 secundum
644 1326 814 1377 legatum
842 1334 880 1364 et
908 1327 1124 1365 oblaciones
1146 1327 1374 1365 constitutas
1392 1331 1437 1365 ut
1457 1328 1675 1366 continetur
1692 1329 1735 1366 in

267 1381 509 1421 ordinacione
536 1381 677 1419 vicarie
713 1380 761 1418 de
806 1380 1004 1431 Depinges
1043 1380 1080 1419 S.
1120 1381 1147 1419 J
1149 1382 1267 1419 acobi.
1354 1381 1571 1420 Palefridus
1606 1386 1736 1421 autem

265 1437 399 1476 vicarii
407 1437 478 1474 erit
491 1435 540 1473 ad
550 1435 757 1484 ferragium
766 1434 956 1472 dictorum
963 1435 1100 1485 prioris
1113 1438 1150 1473 et
1163 1438 1375 1473 conventus
1387 1439 1425 1474 et
1439 1436 1488 1473 ad
1501 1436 1736 1486 prebendam

267 1491 474 1530 eorundem
489 1489 642 1539 quando
665 1489 714 1526 ad
733 1489 947 1538 capitulum
967 1492 1005 1526 et
1024 1489 1066 1526 in
1086 1490 1292 1527 eorundem
1312 1490 1448 1540 prioris
1463 1493 1502 1528 et
1516 1494 1731 1529 conventus

266 1545 424 1595 negocia
442 1543 704 1594 proficiscitur.
762 1543 815 1580 Et
828 1543 904 1592 ipsi
918 1543 1021 1592 prior
1036 1545 1073 1580 et
1087 1551 1301 1582 conventus
1316 1544 1576 1594 providebunt
1593 1545 1734 1583 vicario

266 1600 315 1637 de
333 1600 432 1638 tofto
450 1601 489 1636 et
507 1597 767 1648 procurabunt
795 1596 1012 1646 hospicium
1038 1597 1313 1636 Archidiaconi
1343 1602 1381 1636 et
1409 1598 1485 1636 alia
1511 1611 1627 1637 onera
1653 1602 1733 1637 tam

267 1653 458 1692 ordinaria
476 1665 592 1702 quam
612 1650 913 1690 extraordinaria
932 1651 1190 1691 sustinebunt.

350 1786 572 1822 κιΒκΕΒγ,
633 1776 787 1814 Vicaria
813 1776 857 1813 in
884 1775 1041 1813 ecclesia
1069 1775 1117 1813 de
1144 1775 1324 1827 Kirkeby
1351 1789 1427 1827 que
1454 1779 1511 1815 est
1538 1777 1674 1827 prioris
1696 1781 1736 1816 et

266 1835 479 1872 conventus
498 1831 546 1869 de
566 1830 791 1868 Hellesham
819 1829 995 1868 consistit
1021 1830 1064 1868 in
1088 1832 1170 1868 toto
1191 1830 1372 1880 altaragio
1391 1831 1557 1881 exceptis
1576 1831 1735 1870 decimis

265 1888 352 1926 lane
368 1890 407 1925 et
422 1885 626 1924 medietate
641 1896 826 1935 agnorum
840 1884 961 1922 totius
979 1884 1157 1933 parochie
1171 1897 1246 1934 que
1260 1885 1336 1935 ipsi
1349 1885 1452 1934 prior
1468 1889 1506 1923 et
1521 1889 1734 1925 conventus

265 1942 412 1992 integre
424 1940 636 1990 percipient
647 1939 690 1976 in
701 1941 939 1988 perpetuum.
979 1938 1157 1976 Vicarius
1169 1942 1298 1977 autem
1309 1939 1483 1977 inveniet
1495 1939 1734 1990 capellanum

266 1997 334 2046 qui
352 1994 588 2033 ministrabit
606 1993 649 2030 in
677 1993 833 2031 ecclesia
860 1991 908 2029 de
938 1992 1102 2042 Osolfby
1130 1993 1202 2030 sub
1230 1993 1363 2031 eadem
1381 1995 1639 2038 convencione
1657 2007 1735 2044 qua

265 2049 448 2088 convenit
486 2049 589 2086 inter
624 2047 748 2085 dictos
785 2046 949 2096 priorem
986 2049 1025 2084 et
1062 2049 1296 2085 conventum
1333 2050 1371 2085 et
1403 2047 1654 2097 parochianos
1686 2048 1734 2087 de

266 2104 443 2152 Osolfby‚
463 2101 644 2140 videlicet
662 2101 767 2151 quod
785 2100 1007 2151 parochiani
1021 2100 1183 2150 predicti
1196 2101 1349 2139 solvent
1362 2101 1525 2151 singulis
1539 2102 1650 2140 annis
1664 2115 1733 2152 pro

266 2158 435 2196 cantaria
448 2155 628 2194 habenda
641 2155 683 2193 in
700 2155 804 2193 dicta
818 2154 964 2204 capella
978 2154 1026 2192 de
1043 2154 1209 2205 Osolfby
1225 2168 1293 2193 sex
1307 2168 1475 2193 summas
1489 2162 1554 2206 pae
1569 2156 1734 2206 siliginis

266 2215 304 2250 et
319 2224 437 2250 unam
457 2222 646 2249 summam
660 2214 724 2259 pae
739 2222 860 2247 avene
874 2208 975 2246 infra
988 2221 1043 2246 xv
1058 2209 1140 2246 dies
1153 2212 1241 2259 post
1255 2209 1399 2247 festum
1415 2209 1453 2248 S.
1472 2210 1675 2248 Michaelis
1694 2214 1734 2249 et

265 2266 470 2305 invenient
497 2264 694 2314 capellano
721 2263 866 2301 ibidem
894 2262 1132 2301 ministranti
1159 2266 1440 2313 competentem
1465 2264 1636 2312 domum,
1655 2265 1733 2303 m‘si

264 2320 452 2370 hospitari
470 2318 592 2369 possit
610 2317 711 2356 infra
731 2317 909 2366 Osolfby.
968 2316 1094 2354 Iidem
1109 2317 1228 2355 eciam
1242 2318 1464 2367 parochiani
1477 2318 1732 2357 affidaverunt

265 2374 371 2425 quod
406 2374 506 2412 hanc
544 2371 843 2410 convencionem
888 2370 1053 2409 fideliter
1089 2371 1132 2408 in
1169 2375 1398 2422 perpetuum
1435 2372 1625 2410 tenebunt
1661 2373 1732 2411 tali

266 2428 491 2467 condicione
510 2426 615 2477 quod
635 2426 669 2464 si
687 2426 817 2475 aliquo
836 2428 1007 2475 tempore
1021 2438 1043 2463 a
1057 2425 1252 2463 solucione
1267 2426 1362 2463 dicti
1376 2426 1483 2464 bladi
1502 2427 1732 2465 cessaverint

266 2486 409 2521 extunc
423 2481 662 2532 capellanum
676 2480 822 2517 ibidem
834 2479 1117 2517 ministrantem
1146 2492 1225 2517 non
1239 2479 1440 2518 haLebunt
1454 2480 1521 2518 sed
1535 2481 1732 2519 matricem

266 2537 464 2575 ecclesiam
492 2535 532 2574 S.
576 2534 732 2572 Andree
769 2534 817 2571 de
854 2533 1035 2583 Kirkeby
1070 2533 1114 2571 in
1150 2538 1379 2583 perpetuum
1407 2538 1617 2584 sequantur
1652 2538 1732 2573 tam

264 2591 314 2629 ad
350 2591 553 2628 missarum
590 2588 817 2638 sollempnia
862 2600 978 2637 quam
1024 2586 1074 2624 ad
1119 2591 1242 2625 cetera
1282 2589 1371 2638 jura
1417 2589 1572 2626 ecclesie
1616 2593 1731 2639 prout

263 2645 483 2683 continetur
501 2644 543 2681 in
563 2642 796 2693 cyrographo
815 2642 916 2679 inter
943 2641 1107 2691 priorem
1126 2644 1164 2679 et
1184 2646 1419 2680 conventum
1439 2642 1487 2680 de
1507 2642 1731 2681 Hellesham

263 2702 303 2737 et
321 2699 443 2736 dictos
462 2697 712 2748 parochianos
731 2696 779 2734 de
799 2695 964 2745 Osolfby
982 2695 1167 2734 confacto.
1216 2696 1394 2734 Vicarius
1413 2696 1572 2734 habebit
1586 2697 1729 2735 toftum

264 2753 371 2803 quod
388 2753 465 2791 fuit
485 2749 569 2804 [Fo.
596 2748 684 2803 13¹³]
712 2750 827 2789 Aceri
854 2763 901 2788 ex
928 2752 1035 2799 parte
1063 2749 1207 2788 boreali
1230 2750 1386 2788 ecclesie
1415 2750 1463 2788 de
1493 2750 1673 2801 Kirkeby
1692 2754 1731 2789 et

264 2808 388 2846 solvet
406 2805 675 2845 tantummodo
693 2804 895 2854 synodalia
913 2807 951 2841 et
969 2804 1051 2853 ipse
1069 2803 1172 2854 prior
1186 2807 1226 2842 et
1239 2807 1453 2843 conventus
1470 2805 1732 2855 procurabunt

266 2861 482 2912 hospicium
497 2859 770 2898 Archidiaconi
788 2862 826 2897 et
845 2861 968 2897 cetera
986 2870 1100 2896 onera
1117 2858 1374 2897 sustinebunt.
