1844 3178
687 320 721 352 H
725 320 851 353 UGON
854 320 894 352 Is
926 319 1090 354 WELLS.
1596 312 1621 351 3

161 419 321 457 minutis
339 419 497 458 decimis
515 418 636 468 ipsius
649 417 804 456 ecclesie
822 420 861 456 et
874 417 917 456 in
930 420 1011 456 tota
1025 420 1124 457 terra
1139 417 1292 457 ecclesie
1308 417 1453 456 scilicet
1467 417 1617 458 duabus

161 473 319 522 virgatis
350 477 388 511 et
420 473 580 511 dimidia
611 485 698 510 cum
730 485 862 510 manso
890 473 1124 522 competenti
1151 475 1190 511 et
1217 472 1360 510 dieitur
1387 484 1467 510 esse
1485 473 1614 513 minus

161 527 352 565 sufficiens
371 539 441 565 nec
460 528 578 565 scitur
595 539 662 576 per
681 538 795 576 quem
815 526 1000 565 ordinata.

243 640 409 675 NORTH
437 639 611 674 Ε8ΤοΝ.
647 633 801 672 Vicaria
826 633 870 670 in
897 632 1053 671 ecclesia
1079 633 1127 671 de
1153 633 1284 671 North
1310 632 1433 671 Eston
1456 646 1530 683 que
1558 638 1616 673 est

158 687 301 726 Prioris
320 691 359 726 et
377 687 659 726 Canonicorum
677 687 725 725 de
744 686 1007 725 Bradenestok
1026 687 1250 725 auctoritate
1269 687 1421 725 concilii
1440 688 1615 727 ordinata

158 740 332 780 consistit
363 741 407 779 in
438 744 520 779 toto
549 741 729 791 altaragio
759 753 892 779 manso
921 743 960 779 et
988 741 1168 779 domibus
1191 740 1241 779 ad.
1266 741 1391 791 ipsam
1418 742 1615 780 ecclesiam

156 795 438 845 pertinentibus
465 807 553 833 cum
580 807 648 832 sex
683 795 778 832 acris
807 798 904 832 terre
930 795 1149 844 jacentibus
1177 795 1293 844 juxta
1331 794 1538 833 Caldewell
1573 797 1617 834 in

157 861 290 898 campo
309 848 486 886 orientali
504 850 542 886 et
560 848 603 886 in
620 848 825 886 medietate
852 848 1086 886 decimarum
1114 848 1161 886 de
1190 848 1431 887 Hethercoth
1450 849 1498 887 de
1516 852 1615 888 terra

157 902 363 941 Willielmi
395 901 525 940 Buffin
556 905 595 939 et
626 902 788 940 Ernaldi
814 902 862 940 de
889 902 1129 940 Hetherchot
1155 903 1254 940 etin
1274 902 1432 940 decimis
1450 903 1613 942 duorum

155 956 464 994 molendinorum
484 955 651 994 Simonis
671 956 853 994 Gambun
872 970 880 994 :
908 959 946 994 et
964 957 1139 995 inveniet
1166 956 1330 994 vicarius
1358 956 1537 995 clericum
1565 958 1615 996 ad

156 1010 452 1048 ministrandum
467 1010 510 1047 in
524 1009 679 1048 ecclesia
692 1010 875 1047 idoneum
889 1012 927 1048 et
941 1010 1144 1048 luminaria
1157 1010 1415 1060 competencia
1429 1011 1613 1049 solvendo

155 1064 343 1101 sinodalia
373 1066 536 1102 tantum.
597 1063 783 1103 Canonici
813 1076 904 1102 vero
937 1064 1065 1102 omnia
1097 1064 1171 1102 alia
1203 1076 1317 1102 onera
1353 1064 1612 1103 sustinebunt.

157 1115 307 1156 Sufficit
338 1130 438 1156 unus
474 1117 691 1168 capellanus
723 1120 762 1156 et
798 1117 901 1156 valet
932 1118 1073 1156 vicaria
1104 1130 1131 1157 v
1167 1117 1279 1156 marc’
1316 1118 1447 1156 totalis
1483 1122 1613 1157 autem

155 1171 312 1210 ecclesia
332 1171 363 1210 G
383 1171 460 1210 sol'.

233 1258 603 1320 CtJDELlNGTON.
659 1278 813 1317 Vicaria
840 1278 882 1316 in
909 1278 1065 1316 ecclesia
1092 1278 1140 1316 de
1163 1278 1426 1329 Cudelington
1454 1292 1528 1330 que
1555 1283 1614 1319 est

152 1332 319 1370 Abbatis
338 1335 375 1369 et
396 1332 676 1371 Canonicorum
697 1332 809 1371 Osen'
828 1333 1052 1370 auctoritate
1072 1333 1223 1371 concilii
1243 1333 1418 1371 ordinata
1436 1335 1611 1373 consistit

153 1390 197 1424 ut
216 1399 330 1436 supra
348 1387 391 1424 in
408 1386 608 1436 principio.
668 1386 849 1424 Nascitur
866 1390 961 1436 quot
980 1387 1167 1436 capellani
1186 1389 1278 1425 sunt
1295 1386 1353 1424 ibi
1371 1389 1582 1427 necessarii.

236 1499 413 1535 KOGES.
449 1493 604 1532 Vicaria
639 1493 683 1530 in
718 1493 874 1531 ecclesia
910 1494 958 1532 de
996 1493 1127 1544 Koges
1164 1507 1239 1543 que
1275 1496 1333 1532 est
1369 1494 1537 1533 Abbatis
1574 1499 1612 1534 et

153 1549 364 1585 conventus
392 1547 440 1584 de
467 1547 657 1585 Fiscanno
685 1550 724 1585 et
750 1547 854 1586 valet
883 1548 914 1587 C
942 1548 1009 1586 sol'
1025 1551 1070 1586 ut
1096 1548 1260 1586 habetur
1286 1548 1329 1586 in
1356 1549 1612 1598 inquisicione

151 1600 253 1639 facta
279 1613 346 1650 per
372 1600 699 1639 Archidiaconum
731 1601 936 1640 consistere
967 1604 1095 1652 potest
1125 1602 1169 1640 in
1204 1605 1286 1640 toto
1314 1602 1495 1652 altaragio
1524 1617 1612 1642 cum

151 1655 312 1692 minutis
331 1654 489 1693 decimis
507 1657 546 1693 et
559 1658 722 1704 quatuor
742 1656 893 1693 cotariis
911 1656 1161 1694 reddentibus
1179 1659 1342 1706 quatuor
1355 1657 1498 1695 solidos
1513 1661 1551 1695 et
1568 1658 1612 1695 in

152 1708 308 1747 decimis
326 1709 527 1758 garbarum
546 1709 593 1747 de
611 1709 735 1748 tribus
753 1708 857 1747 hidis
884 1710 1082 1760 villenagii
1109 1713 1147 1749 et
1166 1710 1270 1749 valet
1287 1710 1430 1749 vicaria
1448 1714 1612 1761 quatuor

152 1762 263 1801 marc'
283 1775 311 1800 x
328 1762 394 1801 sol’
414 1766 453 1801 et
471 1763 540 1812 viij
562 1762 609 1802 d'.

234 1876 530 1911 CARSINTON.
568 1870 721 1908 Vicaria
738 1871 781 1908 in
800 1871 956 1909 ecclesia
975 1871 1023 1909 de
1042 1870 1247 1910 Carsinton
1266 1885 1340 1921 que
1360 1875 1417 1911 est
1444 1872 1610 1912 Abbatis

152 1926 191 1962 et
227 1927 440 1962 conventus
476 1924 708 1972 Eynesham'
745 1924 893 1963 dudum
925 1925 1100 1963 ordinata
1136 1926 1312 1964 consistit
1349 1927 1392 1964 in
1430 1928 1609 1965 omnibus

152 1977 454 2016 obvencionibus
486 1978 617 2016 altaris
652 1976 734 2030 [Fo.
768 1976 832 2031 lb]
862 1982 987 2028 preter
1013 1979 1259 2018 medietatem
1291 1980 1536 2019 oblacionum
1567 1982 1611 2020 in

152 2031 304 2070 (luobus
323 2031 432 2069 festis
451 2032 554 2069 beati
567 2032 674 2070 Petri
687 2033 1002 2082 proveniencium
1020 2046 1137 2083 quam
1155 2034 1250 2071 dicti
1270 2034 1448 2072 monachi
1467 2035 1611 2074 debent

151 2088 196 2123 ut
215 2085 357 2124 dicitur
375 2085 575 2135 percipere.
635 2086 822 2125 Consistit
851 2087 970 2125 eciam
997 2087 1039 2125 in
1067 2087 1246 2125 omnibus
1272 2088 1433 2127 minutis
1451 2089 1611 2128 decimis

152 2152 240 2178 cum
258 2139 436 2178 domibus
464 2143 547 2178 orto
575 2142 615 2178 et
641 2140 812 2190 pomario
839 2143 879 2178 et
906 2141 1056 2179 duabus
1082 2141 1242 2191 virgatis
1270 2145 1366 2180 terre
1394 2155 1482 2180 cum
1501 2146 1610 2193 prato

153 2193 350 2243 adjacente
372 2193 422 2231 ad
448 2193 645 2232 ecclesiam
672 2194 794 2244 ipsam
821 2195 1103 2256 pertinentibus
1131 2198 1170 2233 et
1197 2208 1284 2233 cum
1311 2208 1443 2234 manso
1470 2197 1514 2235 in
1533 2210 1610 2247 quo

152 2250 282 2285 manet
298 2246 483 2286 Osbertus
502 2247 595 2288 Sire.
656 2248 843 2287 Consistit
862 2249 982 2287 eciam
999 2250 1042 2287 in
1061 2248 1218 2288 decimis
1238 2249 1404 2288 molend'
1419 2253 1457 2289 et
1476 2251 1609 2301 piscar'

151 2300 329 2351 parochie
346 2305 563 2364 memorate.

234 2414 539 2449 ΒΒΑΟΕννΕΙ-Ι...
575 2409 759 2448 Vicaria
747 2423 790 2448 m
809 2409 965 2448 ecclesia
984 2410 1030 2449 de
1045 2410 1257 2449 Bradewell
1271 2424 1346 2461 que
1361 2414 1418 2450 est
1432 2412 1612 2462 Magistri

151 2461 300 2500 Milicie
330 2461 482 2511 Templi
517 2466 556 2500 et
591 2463 752 2502 fratrum
798 2467 843 2501 ut
887 2467 994 2525 patet
1038 2477 1105 2514 per
1139 2465 1434 2515 inquisicionem
1469 2466 1610 2505 factam

153 2515 378 2553 auctoritate
393 2516 545 2554 concilii
558 2517 761 2556 consistere
779 2518 931 2568 potest
919 2531 962 2556 111
981 2517 1171 2568 altaragiis
1185 2523 1263 2557 tam
1278 2520 1439 2557 minutis
1455 2521 1610 2561 ecclesie

152 2582 267 2619 quam
286 2569 515 2618 capellarum
542 2583 629 2609 cum
656 2572 836 2610 omnibus
863 2572 1023 2610 minutis
1051 2572 1208 2611 decimis
1236 2576 1274 2611 et
1300 2574 1343 2611 in
1361 2574 1478 2612 tercia
1495 2575 1610 2624 garba

152 2624 201 2661 de
236 2623 442 2661 Dominico
478 2636 566 2662 cum
600 2625 762 2664 minutis
804 2626 962 2664 decimis
1006 2626 1110 2664 unde
1145 2627 1324 2665 monachi
1360 2627 1408 2665 de
1443 2628 1609 2667 Fontan'

151 2677 369 2737 percipiunt
388 2677 482 2715 duas
500 2681 626 2727 partes
648 2682 686 2718 et
711 2680 756 2718 in
783 2679 940 2718 decimis
959 2680 1166 2719 croftarum
1183 2681 1287 2731 apud
1306 2681 1541 2721 Bradewell:
1571 2685 1610 2720 et

152 2731 256 2769 valet
282 2731 423 2769 vicaria
454 2743 482 2769 x
514 2732 638 2771 marc'
695 2733 815 2771 T'otal
846 2737 974 2772 autem
1005 2734 1161 2773 ecclesia
1189 2748 1272 2773 xxx
1301 2736 1423 2773 marc'.
1481 2736 1609 2775 Debet

152 2788 281 2822 autem
294 2784 458 2823 vicarius
472 2786 668 2824 matricem
682 2787 878 2826 ecclesiam
892 2791 930 2826 61
941 2788 1126 2838 capeUam
1141 2788 1189 2827 de
1204 2788 1433 2827 Kelmestok
1446 2790 1609 2840 singulis

153 2838 289 2876 diebus
316 2838 489 2886 officiare,
519 2840 707 2890 capellani
736 2844 866 2879 autem
893 2841 941 2880 de
971 2841 1154 2880 Haliwell
1181 2846 1240 2881 ter
1265 2843 1308 2880 in
1335 2843 1549 2893 septimana
1570 2847 1610 2882 61

152 2891 302 2930 festivis
320 2892 479 2932 diebus:
506 2894 609 2932 unde
627 2896 829 2934 necessarii
848 2899 939 2934 sunt
962 2896 1019 2934 ibi
1037 2899 1113 2935 tres
1131 2896 1328 2947 capellani.
