1844 3178
192 311 246 352 68
709 318 846 352 LIBER
877 316 1110 357 ANTIQUUS

799 486 1052 578 §tuma

823 632 903 681 [Po.
930 629 1029 683 19¹0}

275 729 654 766 meEfflNGTON
687 717 949 772 [Winterton]
1005 718 1160 756 Vicaria
1177 718 1222 755 in
1247 717 1403 755 ecclesia
1422 716 1470 754 de
1489 716 1659 754 Winter-

196 778 333 827 ington
351 789 425 825 que
445 779 501 813 est
520 774 657 824 prioris
676 777 714 812 et
733 773 958 811 monialium
978 772 1026 810 de
1045 772 1231 810 Meauton
1245 771 1290 823 (2)
1311 771 1364 809 sic
1392 774 1450 809 est
1470 770 1655 809 ordinata.

196 831 374 870 Vicarius
393 829 552 867 habebit
569 827 725 865 nomine
743 827 883 865 vicarie
909 830 1036 864 totum
1063 826 1301 875 altaragium,
1322 824 1516 864 reddendo
1545 824 1659 862 dictis

197 885 315 935 priori
348 888 385 922 et
418 882 650 921 monialibus
682 894 749 931 per
781 894 926 919 annum
959 881 1130 930 quinque
1160 892 1304 917 marcas
1317 893 1327 926 3
1356 881 1394 916 et
1413 879 1539 916 dictus
1557 879 1661 927 prior

197 937 444 988 respondebit
460 937 507 974 de
523 935 805 986 episcopalibus
820 938 858 973 et
872 934 1254 972 archidiaconalibus.
1301 932 1527 970 Providebit
1542 933 1662 970 eciam

198 992 340 1030 vicario
359 992 407 1029 de
425 991 525 1029 tofto
546 990 789 1040 competenti.
829 998 831 1000 ·
847 989 898 1027 Et
917 989 1021 1027 valet
1043 987 1199 1026 ecclesia
1217 1000 1301 1025 xxx
1319 985 1443 1034 marc',
1464 989 1502 1024 et
1521 986 1662 1025 vicaria

199 1059 267 1085 sex
285 1046 408 1084 marc'.

283 1162 499 1197 ΝΕυΤοΝ,
536 1151 691 1190 Vicaria
726 1151 769 1188 in
805 1150 961 1189 ecclesia
998 1150 1046 1188 de
1074 1150 1115 1187 N
1116 1152 1233 1187 euton
1261 1161 1336 1199 que
1370 1151 1428 1186 est
1460 1149 1596 1198 prioris
1625 1152 1663 1186 et

200 1208 469 1246 canonicorum
488 1205 703 1256 Hospitalis
721 1205 895 1243 Lincoln'
915 1205 969 1242 sic
989 1208 1046 1242 est
1065 1204 1249 1242 ordinata.
1307 1202 1485 1241 Vicarius
1504 1202 1663 1240 habebit

199 1265 328 1300 totum
346 1261 582 1309 altaragium,
602 1260 797 1298 reddendo
816 1259 907 1296 inde
927 1259 1126 1296 annuatim
1145 1258 1259 1296 dictis
1278 1257 1396 1307 priori
1415 1260 1454 1294 et
1473 1257 1665 1294 canonicis

202 1316 298 1354 duas
327 1328 497 1362 marcas3
524 1318 563 1352 et
590 1314 716 1352 dictus
746 1313 849 1363 prior
877 1312 1125 1362 respondebit
1153 1315 1198 1350 ut
1225 1324 1348 1361 supra,
1380 1314 1418 1348 et
1445 1310 1666 1360 providebit

201 1370 343 1409 vicario
363 1370 411 1407 de
429 1368 530 1406 tofto
550 1368 793 1418 competenti.
854 1368 905 1405 Et
923 1367 1026 1405 valet
1045 1366 1176 1404 totalis
1195 1366 1352 1404 ecclesia
1370 1365 1512 1415 viginti
1528 1364 1641 1403 marc'
1655 1378 1667 1412 ;

202 1425 345 1463 vicaria
363 1436 452 1462 vero
471 1423 575 1461 valet
594 1423 766 1472 quinque
791 1421 913 1460 marc'.

287 1540 508 1575 MARTON.
545 1530 699 1569 Vicaria
731 1531 774 1568 in
805 1529 961 1568 ecclesia
993 1529 1041 1567 de
1074 1527 1251 1576 Marton',
1281 1541 1356 1578 que
1371 1530 1429 1566 est
1448 1528 1664 1576 eorundem,

206 1587 260 1625 sic
292 1589 350 1624 est
383 1585 571 1624 ordinata.
631 1584 810 1623 Vicarius
842 1583 1001 1622 habebit
1032 1586 1159 1621 totum
1196 1582 1433 1632 altaragium,
1471 1582 1668 1620 reddendo

207 1641 322 1679 dictis
349 1639 466 1690 priori
494 1642 532 1677 et
559 1639 751 1677 canonicis
779 1639 979 1676 annuatim
1007 1637 1209 1675 dimidiam
1236 1650 1410 1675 marcam.
1468 1636 1521 1674 Et
1544 1637 1670 1674 dictus

206 1695 310 1744 prior
328 1693 575 1743 respondebit
593 1696 777 1743 utsupra,
798 1695 837 1731 et
864 1691 1084 1742 providebit
1112 1691 1160 1729 de
1187 1691 1298 1739 tofto,
1319 1691 1563 1741 competenti.
1620 1690 1673 1728 Et

209 1751 267 1787 est
286 1748 389 1787 dicta
406 1747 548 1786 vicaria
566 1747 796 1785 sufficienter
815 1747 990 1785 ordinata
1008 1749 1052 1784 ut
1071 1745 1223 1784 dicitur.

294 1864 640 1900 HAUGHTHORN
674 1852 945 1907 [Hacktlzorn]
993 1853 1148 1892 Vicaria
1166 1853 1209 1891 in
1227 1853 1433 1891 medietate
1453 1853 1608 1891 ecclesie
1628 1852 1675 1890 de

212 1910 485 1960 Haughthorn,
523 1922 598 1958 que
635 1913 693 1947 est
724 1909 860 1958 prioris
892 1913 930 1947 et
962 1907 1189 1946 monialium
1217 1907 1265 1945 de
1292 1907 1509 1954 Bullinton‚
1538 1908 1592 1945 sic
1620 1910 1678 1945 est

212 1965 397 2003 ordinata.
458 1963 635 2002 Vicarius
653 1963 813 2001 habebit
831 1966 953 2001 totam
974 1962 1219 2000 medietatem
1237 1962 1408 2011 ipsorum
1428 1961 1475 1999 de
1494 1961 1676 2011 altaragio

212 2022 338 2070 preter
355 2018 490 2065 linum,
511 2017 708 2055 reddendo
726 2017 928 2055 annuatim
946 2016 1060 2054 dictis
1074 2016 1192 2066 priori
1206 2018 1244 2053 et
1262 2016 1495 2054 monialibus
1514 2018 1676 2065 quatuor

212 2073 368 2111 solidos.
425 2073 595 2110 Persona
621 2084 711 2110 vero
740 2071 987 2121 respondebit
1016 2070 1063 2108 de
1091 2083 1159 2108 sua
1185 2070 1403 2117 medietate,
1433 2073 1471 2108 et
1499 2069 1676 2107 similiter

213 2129 259 2165 ut
304 2127 407 2176 prior
443 2125 664 2176 providebit
700 2126 748 2163 de
789 2126 890 2163 tofto
929 2129 967 2163 et
1005 2125 1259 2163 communiter
1302 2123 1591 2174 respondebunt
1628 2123 1676 2161 de

214 2180 495 2231 episcopalibus
513 2183 553 2218 et
570 2179 949 2219 archidiaconalibus,

297 2297 651 2333 GLENTWORTH.
687 2288 843 2327 Vicaria
873 2287 916 2325 in
947 2286 1103 2326 ecclesia
1132 2286 1180 2324 de
1211 2285 1479 2325 Glentewurth
1512 2298 1587 2335 que
1619 2288 1677 2323 est

217 2342 368 2381 abbatis
395 2346 433 2380 et
462 2345 674 2381 conventus
692 2342 741 2380 de
768 2342 809 2379 N
811 2342 964 2380 ewehus
984 2341 1158 2379 consistit
1185 2341 1228 2378 in
1260 2343 1343 2378 toto
1376 2340 1556 2389 altaragio
1589 2352 1677 2378 cum

218 2409 350 2435 manso
370 2397 627 2447 competenti3
655 2399 694 2435 et
712 2396 814 2435 valet
832 2397 917 2446 ipsa
934 2395 1076 2434 vicaria
1094 2407 1163 2433 sex
1181 2394 1302 2433 marc’.

301 2514 506 2549 SAXEBY.
529 2501 1008 2556 [Saxelby-cam-Inqzeby}
1038 2502 1192 2541 Vicaria
1209 2502 1252 2540 in
1270 2502 1426 2540 ecclesia
1441 2501 1488 2540 de
1509 2501 1675 2550 Saxeby,

221 2571 296 2609 que
315 2561 373 2596 est
392 2559 611 2606 eorundem,
635 2559 810 2596 consistit
828 2559 870 2596 in
898 2560 979 2596 toto
1007 2557 1200 2606 altaragio,
1230 2569 1317 2594 cum
1344 2556 1445 2594 tofto
1465 2559 1509 2601 et¹
1521 2556 1679 2606 gardino

222 2613 327 2662 quod
339 2612 519 2650 Matheus
533 2612 683 2660 habuit,
690 2616 846 2662 excepto
859 2612 939 2650 lino
954 2625 962 2650 :
981 2611 1176 2649 reddendo
1190 2611 1282 2648 inde
1297 2610 1498 2649 annuatim
1516 2613 1681 2659 quatuor

222 2679 366 2704 marcas
393 2666 506 2704 dictis
534 2666 666 2704 abbati
693 2670 732 2704 et
759 2665 966 2705 conventui
993 2665 1041 2702 de
1068 2665 1109 2703 N
1111 2664 1265 2702 ewehus
1280 2678 1291 2713 3
1319 2667 1357 2702 et
1375 2664 1479 2701 idem
1506 2664 1623 2701 abbas
1642 2666 1680 2700 et

223 2720 398 2758 canonici
415 2721 616 2759 invenient
631 2720 869 2770 capellanum
883 2719 1101 2766 secularem,
1117 2719 1209 2757 etin
1229 2719 1407 2756 omnibus
1426 2731 1513 2756 eum
1527 2717 1682 2755 exhibe-

222 2774 335 2822 bunt,
365 2774 432 2824 qui
459 2775 572 2824 plene
599 2774 787 2813 deserviet
815 2774 957 2824 capelle
984 2773 1032 2810 de
1059 2773 1237 2823 Engleby
1250 2786 1262 2821 3
1289 2776 1327 2810 et
1353 2773 1436 2822 ipse
1463 2771 1680 2821 capellanus

223 2829 337 2878 pleno
352 2829 439 2877 jure
467 2828 613 2866 suberit
638 2828 780 2867 vicario
808 2827 974 2866 matricis
994 2827 1172 2875 ecclesie3
1199 2830 1238 2864 et
1256 2826 1359 2865 valet
1377 2826 1507 2864 totalis
1526 2825 1681 2864 ecclesia

225 2880 317 2920 xxti.
340 2881 463 2931 marc',
483 2883 624 2921 vicaria
642 2895 731 2920 vero
750 2882 852 2920 valet
871 2882 924 2931 vij
947 2880 1067 2919 marc'.
