1844 3178
356 441 555 532 {liber
594 440 938 534 gkntiqnuz
982 443 1056 514 Dr>
1092 442 1626 516 &minationibus

170 565 568 640 &cariatum
648 572 921 660 tmpore
997 568 1307 661 {bagunils
1373 568 1623 660 &Hella

169 692 656 785 &im-ulmeam
694 694 1022 787 (Episcopi,
1060 693 1478 770 1209-1235.

775 854 1002 929 oxon’.

729 964 892 1018 [Facisnq
903 967 960 1014 so.
987 963 1053 1018 12].

245 1046 286 1080 s
308 1036 833 1080 FR!DESW1THE,Vicaria
845 1037 887 1074 in
901 1036 1148 1074 conventuali
1161 1035 1316 1074 ecclesia
1329 1035 1468 1074 Sancte
1480 1035 1628 1074 Frides-

166 1090 285 1128 withe
313 1090 538 1127 auctoritate
557 1090 705 1127 domini
722 1090 905 1140 Episcopi
928 1090 1102 1128 ordinata
1120 1094 1208 1139 post
1228 1090 1431 1128 concilium
1451 1090 1538 1127 talis
1554 1094 1621 1128 est.

166 1144 343 1182 Vicarius
361 1144 520 1182 habebit
538 1143 788 1182 sufficientem
808 1144 1091 1182 exhibicionem
1105 1145 1205 1182 sicut
1220 1144 1393 1182 canonici
1406 1143 1533 1193 quoad
1551 1144 1627 1182 vic-

167 1198 308 1236 tualia'
297 1211 339 1235 111
350 1210 482 1235 11101100
493 1191 629 1258 prioris
640 1198 702 1236 vel
715 1198 808 1235 alibi
821 1198 855 1235 si
868 1198 987 1247 magis
1000 1198 1212 1247 expedierit
1225 1202 1263 1235 et
1274 1198 1402 1236 locum
1413 1200 1628 1247 competen-

167 1255 246 1290 tem
261 1252 308 1289 ad
317 1251 550 1313 jacendum
539 1265 582 1289 111
595 1252 775 1300 prioratu.
833 1252 1006 1289 Habebit
1024 1252 1143 1289 eciam
1161 1252 1317 1289 nomine
1334 1252 1475 1289 vicarie
1493 1264 1560 1288 sue
1579 1252 1629 1289 ad

166 1307 353 1343 vestitum
381 1305 493 1354 xxiiij
523 1305 666 1343 solidos
693 1318 760 1355 per
796 1318 949 1343 annum.
1009 1306 1185 1342 Preterea
1221 1306 1381 1343 habebit
1416 1305 1628 1342 secundum

167 1359 335 1408 legatum
354 1359 403 1397 ad
420 1359 633 1397 valenciam
651 1360 690 1408 vj
713 1359 952 1397 denariorum
969 1362 1006 1396 et
1024 1359 1128 1408 quod
1146 1359 1247 1396 ultra
1266 1359 1304 1407 vj
1319 1359 1493 1396 denarios
1512 1359 1628 1396 fuerit

167 1413 269 1451 inter
286 1413 413 1462 ipsum
433 1416 471 1450 et
490 1413 692 1451 canonicos
712 1413 987 1451 dimidiabitur.
1037 1413 1148 1451 Prior
1166 1417 1294 1450 autem
1313 1413 1485 1450 inveniet
1503 1413 1627 1450 eidem

167 1467 307 1505 vicario
322 1467 499 1504 clericum
510 1467 693 1504 idoneum
705 1468 787 1516 ejus
796 1467 978 1516 obsequio
989 1470 1027 1504 et
1038 1467 1192 1504 ecclesie
1203 1467 1417 1504 ministerio
1431 1466 1627 1505 devotum:

168 1524 206 1558 et
238 1520 379 1558 sufficit
409 1521 466 1558 ibi
497 1533 598 1558 unus
631 1521 859 1570 capellanus.
919 1520 1048 1558 Stabit
1086 1524 1214 1558 autem
1251 1521 1445 1558 ordinacio
1483 1521 1554 1558 hec
1592 1521 1626 1558 si

168 1575 323 1612 domino
360 1574 550 1624 Episcopo
590 1574 775 1624 placuerit
790 1588 798 1612 ε
845 1574 1017 1624 alioquin
1053 1574 1270 1612 unitabitur
1318 1578 1432 1624 prout
1487 1574 1628 1613 viderit

166 1629 355 1678 expedire.

809 1680 892 1734 [Fo.
917 1680 986 1734 la].

437 1753 646 1791 Ordinacio
663 1754 850 1801 qeneralis
867 1765 980 1802 super
997 1752 1155 1790 vicariis
1173 1753 1219 1790 de
1242 1752 1356 1791 Osen'.

248 1824 299 1862 In
328 1824 505 1862 omnibus
533 1824 699 1861 ecclesiis
727 1836 822 1874 quas
849 1823 982 1861 Abbas
1010 1826 1049 1861 et
1074 1823 1261 1862 Canonici
1289 1822 1401 1861 Osen'
1423 1826 1558 1861 tenent
1585 1824 1628 1861 in

166 1878 329 1928 propriis
374 1878 508 1916 usibus
552 1881 632 1915 tam
667 1878 711 1915 in
755 1877 1081 1915 Archidiaconatu
1127 1877 1250 1915 Oxon'
1292 1889 1407 1926 quam
1453 1877 1497 1915 in
1541 1878 1627 1915 aliis

167 1932 555 1970 Archidiaconatibus
582 1931 756 1970 Lincoln'
780 1931 951 1979 diocesis,
980 1931 1049 1969 ubi
1075 1931 1215 1969 vicarie
1243 1944 1322 1969 non
1349 1931 1495 1969 fuerint
1521 1932 1627 1981 prius

168 1986 340 2024 ordinate
359 1998 426 2035 per
444 1986 665 2035 episcopum
693 1985 741 2023 de
768 1998 956 2023 consensu
981 1986 1164 2035 ipsorum,
1193 1998 1261 2034 per
1288 1985 1489 2022 dominum
1516 1985 1625 2023 Linc'

167 2040 388 2101 episcopum
415 2039 622 2089 Hugonem
649 2039 871 2087 secundum,
901 2040 1126 2078 auctoritate
1154 2039 1317 2086 00001111,
1343 2039 1541 2088 provisum
1569 2043 1626 2077 est

166 2095 210 2132 in
245 2094 349 2132 hunc
389 2093 557 2132 modum.
615 2093 793 2131 Vicarius
822 2106 890 2143 per
925 2093 1119 2131 Abbatem
1157 2095 1196 2130 et
1232 2092 1478 2131 Conventum
1512 2093 1625 2131 Osen'

167 2147 444 2209 presentandus
463 2150 502 2186 et
519 2147 782 2185 instituendus
801 2148 849 2185 ab
878 2147 1054 2197 episcopo
1081 2146 1242 2184 habebit
1269 2147 1425 2184 nomine
1443 2151 1625 2196 perpetue

167 2202 307 2240 vicarie
336 2215 403 2240 sue
432 2202 481 2239 ad
510 2202 695 2240 vestitum
725 2214 837 2239 suum
869 2201 964 2239 duas
993 2213 1136 2239 marcas
1165 2213 1233 2250 per
1261 2213 1430 2239 annum.
1467 2200 1626 2238 habebit

168 2256 287 2293 eciam
299 2255 509 2294 secundum
523 2255 691 2305 legatum
706 2255 756 2293 ad
769 2255 982 2294 valenciam
1001 2267 1069 2292 sex
1088 2254 1328 2292 denariorum
1348 2257 1385 2292 et
1404 2255 1508 2304 quod
1526 2255 1628 2293 ultra

168 2322 234 2347 sex
254 2309 429 2347 denarios
447 2309 564 2347 fuerit
582 2310 683 2347 inter
695 2309 824 2359 ipsum
839 2312 877 2347 et
892 2309 1104 2349 Canonicos
1119 2308 1394 2346 dimidiabitur.
1452 2308 1625 2346 Habebit

168 2364 287 2401 eciam
313 2363 360 2401 de
393 2363 655 2401 oblacionibus
691 2363 742 2401 ad
777 2363 895 2401 altare
926 2362 1243 2413 provenientibus
1272 2375 1393 2401 unum
1426 2362 1625 2400 denarium

167 2417 360 2455 missalem
379 2417 531 2466 quocies
550 2417 797 2455 celebraverit
816 2421 854 2455 et
875 2417 1053 2455 denarius
1080 2416 1298 2466 provenerit
1316 2419 1354 2454 et
1372 2416 1557 2465 quicquid
1577 2429 1626 2454 ex

166 2471 372 2509 devocione
391 2471 564 2508 fidelium
582 2471 619 2508 ei
645 2471 928 2509 racionabiliter
946 2471 1062 2508 fuerit
1089 2470 1280 2508 collatum.
1339 2470 1441 2507 Item
1459 2470 1618 2508 habebit

166 2524 420 2562 sufficientem
447 2525 729 2563 exhibicionem
757 2525 856 2563 sicut
885 2525 1057 2563 canonici
1084 2524 1211 2574 quoad
1232 2524 1414 2562 victualia
1432 2524 1474 2561 in
1493 2537 1624 2562 mensa

168 2579 434 2617 canonicorum
456 2579 525 2616 ubi
544 2579 716 2616 canonici
742 2592 886 2617 moram
914 2579 1072 2616 faciunt.
1132 2578 1318 2617 Canonici
1336 2590 1425 2616 vero
1446 2578 1624 2615 clericum

166 2632 348 2670 idoneum
367 2633 402 2670 ei
421 2636 458 2670 et
478 2633 559 2682 ejus
575 2633 756 2682 obsequio
771 2633 955 2671 devotum
973 2636 1011 2670 et
1030 2632 1184 2670 ecclesie
1197 2632 1408 2669 ministerio
1423 2632 1625 2669 invenient

167 2687 235 2735 qui
249 2687 511 2734 juramentum
529 2686 726 2724 fidelitatis
746 2690 784 2724 et
802 2687 1021 2725 devocionis
1048 2686 1124 2735 ipsi
1152 2686 1292 2723 vicario
1315 2685 1499 2734 prestabit
1518 2685 1623 2724 salva

166 2741 241 2778 fide
253 2741 442 2778 dictorum
455 2740 745 2787 Canonicorum,
762 2741 828 2790 qui
844 2741 963 2778 eciam
977 2740 1052 2789 ipsi
1064 2740 1205 2778 vicario
1220 2739 1394 2778 similiter
1407 2739 1622 2789 garcionem

887 2827 918 2858 A
