1844 3178
727 337 934 371 HUGONIS
965 336 1130 371 WELLS.
1604 328 1658 368 89

203 435 306 474 011116
325 438 363 473 61
382 448 467 473 611111
487 435 634 485 virgata
652 436 750 472 terre
764 437 801 472 et
819 433 980 471 dimidia
998 435 1047 472 ad
1063 435 1204 472 dictam
1225 433 1418 471 ecclesiam
1437 435 1661 482 pertinenti*

202 489 275 527 bus
310 489 486 527 similiter
523 502 609 527 cum
646 492 746 526 terra
781 500 898 537 quam
935 488 1121 526 Ricardus
1158 488 1330 526 Maufras
1362 488 1490 524 tenuit
1518 489 1565 526 de
1593 490 1657 527 W.

202 542 397 592 quondam
428 555 589 592 persona
620 542 722 580 dicte
753 542 917 579 ecclesie.
976 542 1162 580 Canonici
1194 554 1283 580 vero
1315 540 1515 578 habebunt
1546 543 1659 580 aliam

203 596 345 634 curiam
379 597 533 634 ecclesie
570 609 656 634 cum
693 595 884 644 mesuagio
922 595 1038 633 unius
1074 596 1165 633 rode
1201 599 1299 633 terre
1335 594 1438 644 quod
1466 594 1581 644 Hugo
1613 597 1660 633 de

204 649 340 688 Crawl'
376 650 503 688 tenuit
539 653 577 688 et
617 650 660 687 in
705 649 1096 698 recompensacionem
1142 648 1313 699 altaragii
1350 650 1389 685 et
1426 648 1660 687 minutarum

203 703 434 741 decimarum
468 707 506 741 61
538 706 635 741 16116
668 705 706 740 61
739 703 840 740 curie
872 702 922 740 ad
948 715 1126 751 personas
1148 702 1428 753 pertinencium
1450 703 1662 752 percipient

201 757 277 806 ipsi
305 757 477 795 canonici
505 756 670 795 decimas
697 756 898 806 garbarum
926 756 974 794 de
1006 759 1088 794 toto
1116 756 1228 794 feodo
1248 755 1409 794 Roberti
1436 755 1484 793 de
1514 755 1662 805 Saucey

202 810 306 860 quod
321 811 437 848 habet
451 811 494 848 in
505 810 639 848 Ykele.
689 810 832 848 Omnes
847 813 976 847 autem
991 810 1156 848 decimas
1170 810 1371 860 garbarum
1386 808 1435 846 ad
1452 810 1662 859 predictam

203 864 398 902 ecclesiam
413 865 648 914 pertinentes
660 867 786 913 preter
800 876 916 913 quam
932 864 1096 902 decimas
1111 864 1299 913 predictas
1314 863 1361 901 de
1375 863 1487 901 feodo
1503 863 1663 901 Roberti

202 917 251 955 de
280 917 438 968 Sawcey
465 918 569 967 quod
600 918 718 955 habet
746 918 789 955 in
816 917 942 955 Ykele
973 918 1135 967 predicti
1166 919 1270 967 prior
1306 920 1345 955 et
1377 920 1591 955 conventus
1625 921 1663 955 et

202 984 363 1020 persona
395 976 433 1009 et
465 984 694 1009 successores
726 971 786 1009 sui
817 971 919 1008 inter
950 984 989 1009 se
1018 972 1131 1020 ple-ne
1151 975 1189 1009 et
1207 971 1371 1009 fideliter
1389 971 1661 1009 dimidiabunt.

203 1025 254 1062 In
289 1038 404 1075 super
441 1037 667 1075 quecunque
703 1025 881 1074 deinceps
918 1025 1116 1074 adquirere
1151 1028 1333 1075 poterunt
1367 1028 1574 1074 tamquam
1597 1026 1663 1074 jus

204 1082 242 1116 et
275 1079 530 1128 pertinencias
563 1079 716 1117 ecclesie
748 1082 952 1117 memorate
985 1080 1086 1117 inter
1117 1092 1157 1117 se
1189 1079 1366 1116 similiter
1403 1078 1660 1117 dimidiantes.

203 1132 265 1170 De
302 1132 481 1171 oneribus
517 1146 606 1171 vero
639 1133 740 1170 dicte
773 1133 928 1170 ecclesie
958 1133 1014 1171 ita
1046 1133 1242 1182 provisum
1274 1135 1332 1170 est
1369 1132 1473 1182 quod
1504 1145 1664 1182 persone

203 1186 413 1225 successive
444 1187 488 1224 in
520 1200 563 1224 66
594 1186 832 1224 instituende
864 1189 941 1224 tres
973 1186 1115 1224 solidos
1144 1199 1292 1224 annuos
1322 1199 1390 1235 pro
1427 1186 1665 1224 sinodalibus

204 1239 365 1279 solvent.
426 1240 561 1279 Cetera
578 1253 669 1279 vero
689 1253 803 1278 onera
816 1243 896 1278 tam
911 1240 1228 1278 archidiaconalia
1242 1253 1356 1290 quam
1371 1240 1445 1277 alia
1459 1240 1508 1278 ad
1523 1240 1666 1278 dictam

204 1294 400 1332 ecclesiam
419 1295 633 1344 spectancia
653 1294 747 1332 dicti
767 1295 953 1333 Canonici
972 1297 1011 1332 et
1029 1307 1188 1344 persone
1208 1294 1393 1343 equaliter
1407 1294 1663 1332 sustinebunt.

206 1347 333 1385 Salvis
351 1349 395 1386 in
413 1348 592 1386 omnibus
612 1348 678 1386 &a
736 1348 789 1385 Et
816 1351 861 1385 ut
888 1348 958 1386 1166
987 1352 1117 1386 1106116
1146 1349 1337 1386 concessio
1364 1347 1430 1386 850.
1489 1348 1667 1386 Testibus

205 1403 244 1439 et
263 1401 354 1440 Dat'
374 1405 417 1440 ut
438 1415 552 1452 supra
570 1405 672 1440 carta
690 1402 875 1451 proxima.

289 1518 340 1552 Ιω
362 1518 515 1553 MARG‘
536 1510 582 1547 de
601 1509 754 1547 ecclesia
773 1509 819 1546 de
846 1509 1196 1558 Germundcthorp'.

287 1561 491 1600 Universis
511 1562 577 1601 8116.
626 1562 791 1601 Noverit
809 1563 1039 1600 universitas
1057 1567 1184 1601 vestra
1201 1575 1272 1600 nos
1291 1562 1338 1600 de
1352 1575 1509 1601 assensu
1528 1563 1668 1614 Rogeri

206 1616 356 1654 Decani
388 1619 426 1654 et
459 1616 632 1666 Capituli
663 1616 786 1654 nostri
813 1616 922 1654 Linc'
941 1616 1074 1655 divine
1101 1617 1257 1666 pietatis
1285 1617 1432 1654 intuitu
1452 1617 1601 1656 dedisse
1629 1622 1668 1656 et

207 1669 434 1708 concessisse
473 1670 624 1708 dilectis
659 1670 703 1708 in
740 1670 894 1709 Christo
934 1670 1087 1708 filiabus
1133 1670 1317 1708 Priorisse
1362 1674 1400 1708 et
1446 1671 1667 1710 Conventui

207 1723 439 1761 Monialium
458 1724 506 1761 de
524 1724 785 1773 Alvingeham
804 1724 950 1761 ordinis
968 1724 1016 1762 de
1046 1724 1344 1774 Sempingeham
1361 1727 1438 1763 tres
1458 1738 1600 1763 marcas
1620 1726 1668 1763 de

208 1778 364 1816 ecclesia
396 1778 444 1815 de
477 1777 791 1828 Germundthorp
823 1781 911 1828 post
941 1778 1138 1816 decessum
1170 1778 1302 1816 dilecti
1332 1779 1375 1816 in
1415 1778 1571 1817 Christo
1598 1780 1670 1817 filii

208 1831 365 1870 Radulfi.
402 1831 449 1869 de
486 1832 685 1870 Waravill’
721 1845 881 1881 persone
917 1832 1022 1870 1111116
1059 1832 1215 1870 ecclesie
1251 1845 1325 1881 que
1361 1833 1409 1870 de
1446 1846 1575 1871 earum
1612 1837 1671 1872 est

208 1885 462 1923 advocacione
495 1886 696 1923 annuatim
727 1886 884 1923 nomine
920 1887 1096 1935 perpetui
1133 1886 1182 1923 ad
1218 1886 1428 1935 pitanciam
1465 1888 1671 1925 earundem

209 1939 441 1977 Monialium
459 1940 722 1989 percipiendas
741 1940 783 1977 in
802 1940 899 1977 festo
920 1940 958 1978 S.
981 1940 1184 1977 Michaelis
1203 1953 1270 1989 per
1297 1953 1433 1978 manus
1464 1941 1584 1990 ipsius
1604 1943 1672 1991 qui

209 2006 278 2042 pro
297 1996 467 2042 tempore
487 1993 603 2031 fuerit
617 1994 822 2031 institutus
840 1993 882 2030 in
902 1993 1043 2031 eadem.
1089 1993 1217 2032 Salvis
1235 1994 1277 2030 in
1296 1995 1475 2032 omnibus
1494 1995 1561 2033 8110.
1619 1996 1672 2033 Ε1

209 2050 254 2084 111
282 2046 351 2084 1166
379 2047 569 2084 concessio
597 2051 728 2085 nostra
755 2046 822 2085 8116.
880 2047 1059 2085 Testibus
1086 2047 1234 2096 Rogero
1262 2047 1419 2086 Dccano
1449 2052 1486 2086 et
1514 2049 1600 2086 aliis
1627 2053 1672 2087 ut

209 2113 324 2150 supra
341 2101 385 2138 in
404 2104 505 2138 carta
524 2102 792 2139 canonicorum
811 2101 859 2138 de
878 2101 1124 2139 Huntindon'
1144 2114 1257 2150 super
1284 2101 1488 2140 medietate
1516 2102 1670 2141 ecclesie

210 2154 259 2192 de
289 2153 396 2193 Stok’
425 2155 594 2204 exceptis
622 2155 683 2192 his
711 2155 758 2193 R.
779 2154 821 2193 N
823 2155 1020 2204 orhampt',
1051 2158 1089 2193 et
1116 2155 1154 2193 J.
1186 2155 1309 2193 Oxon'
1329 2155 1393 2194 W.
1414 2155 1536 2194 Buck'
1555 2159 1594 2194 et
1621 2157 1668 2195 R.

211 2208 406 2246 Huntind'
440 2208 728 2257 archidiaconis,
759 2212 797 2246 et
826 2208 986 2258 adjectis
1018 2208 1055 2247 J.
1087 2209 1135 2247 de
1166 2208 1293 2255 Ebor',
1321 2209 1364 2247 P.
1401 2209 1448 2247 de
1478 2210 1602 2258 Bath',
1632 2215 1671 2249 61

211 2262 398 2312 Magistro
417 2262 480 2301 W.
500 2262 547 2300 de
566 2263 684 2302 Linc’.
734 2262 825 2300 Dat'
837 2275 904 2312 per
921 2275 1057 2301 manus
1077 2262 1139 2301 W.
1157 2263 1205 2300 de
1223 2263 1378 2301 Tornac'
1400 2264 1672 2303 Archidiaconi

212 2315 339 2354 Stowe
359 2316 462 2366 apud
480 2316 589 2355 Linc'
615 2317 658 2355 in
685 2316 853 2367 capitulo
881 2316 1056 2355 Lincoln'
1084 2317 1181 2366 xviij
1202 2316 1278 2355 kal.
1308 2317 1335 2356 J
1338 2317 1406 2367 ulij
1428 2319 1674 2368 pontificatus

210 2370 333 2408 nostri
351 2383 452 2408 anno
474 2370 545 2409 ix0.

842 2421 925 2476 [Fo.
948 2422 1044 2477 28³}

293 2493 485 2531 Omnibus
514 2493 662 2532 Christi
688 2493 869 2532 fidelibus
897 2493 964 2533 850.
1007 2493 1172 2532 Noverit
1200 2494 1430 2534 universitas
1459 2499 1584 2534 vestra
1603 2496 1671 2536 850.

211 2549 256 2585 ut
275 2560 390 2596 supra
408 2547 450 2585 in
468 2550 571 2585 carta
584 2548 716 2597 vicarij
737 2548 784 2585 de
798 2548 971 2586 Amewic
989 2560 1110 2597 usque
1128 2551 1248 2586 ratam
1267 2549 1452 2588 habentes
1471 2553 1510 2588 et
1527 2553 1674 2600 gratam

212 2601 260 2639 de
288 2614 444 2639 assensu
471 2601 611 2651 Rogeri
639 2602 787 2640 Decani
815 2605 853 2639 et
882 2602 1055 2651 Capituli
1076 2603 1199 2640 nostri
1217 2603 1324 2641 Linc'
1344 2616 1427 2641 eam
1446 2605 1673 2643 auctoritate

213 2655 419 2704 episcopali
451 2655 758 2694 confirmavimus
795 2659 833 2693 et
864 2656 1033 2705 presenti
1064 2659 1164 2694 carte
1196 2657 1366 2706 sigillum
1393 2661 1567 2696 nostrum
1595 2671 1673 2697 una

212 2721 300 2746 cum
333 2708 458 2757 sigillo
490 2709 653 2758 predicti
687 2710 858 2759 Capituli
889 2710 1013 2747 nostri
1040 2709 1148 2747 Linc'
1177 2710 1360 2748 duximus
1387 2712 1670 2761 apponendum.

213 2762 340 2801 Salvis
367 2763 409 2799 in
437 2762 617 2801 omnibus
645 2763 711 2802 &a
769 2764 948 2802 Testibus
975 2764 1123 2814 Rogero
1151 2764 1318 2812 Decano,
1353 2764 1398 2803 G.
1434 2766 1672 2815 Precentore,

214 2816 362 2865 Rogero
383 2816 631 2865 Cancellario,
653 2817 704 2856 H.
722 2818 770 2855 de
790 2817 828 2856 S.
846 2817 1049 2864 Edwardo,
1069 2817 1266 2867 Magistris
1284 2819 1348 2857 W.
1370 2819 1421 2857 fil'
1440 2820 1473 2857 F
1475 2819 1547 2858 ulc’
1567 2823 1605 2858 et
1624 2820 1672 2860 A.

214 2869 262 2907 de
282 2870 321 2908 S.
343 2869 562 2917 Edmundo,
584 2871 630 2908 R.
652 2870 701 2908 (16
719 2871 900 2920 Bristoll',
922 2874 960 2910 et
978 2871 1063 2909 aliis
1083 2874 1126 2910 ut
1145 2873 1187 2910 in
1214 2872 1386 2922 predicta
1412 2877 1514 2912 carta
1540 2874 1672 2925 vicarij

214 2923 388 2974 predicti,
408 2927 446 2962 et
470 2924 558 2963 Dat'
578 2925 721 2964 eadem.
