1844 3178
236 357 290 398 66
766 367 903 400 LIBER
933 367 1169 408 ANTIQUUS

316 476 522 510 ALFQRD,
560 465 714 504 Vicaria
749 465 792 503 in
828 465 984 504 ecclesia
1020 466 1068 503 de
1103 465 1255 514 Alford‚
1288 478 1364 515 que
1396 469 1453 504 est
1485 466 1622 516 prioris
1657 470 1698 505 et

235 521 504 560 canonicorum
521 519 722 569 hospitalis
744 522 852 557 extra
878 519 1065 567 Lincoln’,
1095 532 1162 569 per
1188 519 1413 569 magistrum
1440 520 1698 571 Reginaldum

234 575 283 613 de
321 575 440 615 Cestr'
478 573 678 611 officialem
714 573 862 611 domini
899 574 1068 623 episcopi
1103 573 1251 611 dudum
1297 574 1351 611 sic
1392 576 1450 612 est
1495 575 1697 614 ordinata:

234 629 426 675 videlicet,
448 628 551 677 quod
582 627 748 665 vicarius
779 630 984 677 perpetuus
1016 629 1058 666 in
1086 627 1214 665 eadem
1247 628 1402 665 ecclesia
1421 630 1458 666 et
1477 629 1622 678 capella
1649 628 1697 667 de

233 683 430 733 Riggesby
449 681 682 720 constitutus
700 681 860 720 habebit
877 685 998 720 totam
1028 685 1166 719 terram
1194 682 1348 719 ecclesie
1377 684 1415 719 et
1443 683 1585 732 capelle
1609 695 1697 720 cum

234 738 354 787 pratis
373 736 522 786 pascuis
541 738 580 773 et
598 735 764 784 pasturis
791 738 830 773 et
857 736 1038 774 turbariis
1065 738 1104 773 et
1131 736 1310 773 omnibus
1337 735 1423 773 aliis
1450 736 1697 785 pertinenciis

235 791 315 829 suis
348 794 386 828 et
417 790 661 827 libertatibus
691 794 850 840 excepta
880 790 1085 827 medietate
1117 790 1241 827 mansi
1269 790 1373 839 apud
1404 790 1553 828 Alford'
1581 803 1697 839 quam

235 844 409 882 canonici
441 843 643 893 hospitalis
677 845 784 881 extra
816 843 990 881 Lincoln’
1009 843 1210 881 habebunt
1239 843 1288 881 ad
1314 843 1534 882 faciendum
1551 843 1698 882 ibidem

233 898 368 936 horrea
386 910 455 936 sua
473 898 522 935 ad
540 897 806 947 reponendum
825 898 991 936 decimas
1009 897 1211 947 garbarum
1231 897 1280 935 ad
1294 897 1482 946 prefatam
1500 898 1697 936 ecclesiam

234 955 273 990 et
301 952 486 1002 capellam
513 951 760 1001 pertinentes,
790 964 865 1000 que
892 952 1155 990 conceduntur
1182 951 1236 989 eis
1272 952 1419 1001 integre
1446 951 1489 989 in
1524 953 1697 1002 proprios

232 1018 326 1044 usus
364 1005 630 1044 convertende.
688 1006 862 1043 Habebit
898 1006 1017 1043 eciam
1052 1005 1157 1043 idem
1193 1005 1358 1044 vicarius
1399 1005 1580 1055 altaragia
1616 1009 1697 1044 tam

233 1060 388 1102 ecclesie
433 1072 549 1109 quam
594 1059 748 1109 capelle,
788 1059 933 1097 scilicet
971 1059 1186 1097 oblaciones
1223 1062 1433 1108 proventus
1480 1063 1518 1097 et
1564 1073 1697 1098 omnes

232 1114 488 1152 obvenciones
506 1116 631 1163 preter
650 1113 815 1151 decimas
833 1114 1036 1163 garbarum
1054 1117 1098 1151 ut
1117 1113 1332 1163 predictum
1347 1116 1416 1160 est,
1433 1114 1526 1152 etin
1544 1115 1697 1164 propria

230 1180 392 1217 persona
409 1167 523 1205 faciet
540 1167 598 1205 ibi
624 1167 873 1205 residenciam
900 1170 939 1206 et
966 1168 1009 1205 in
1036 1167 1170 1205 ordine
1197 1167 1421 1205 sacerdotali
1447 1168 1695 1216 ministrabit,

230 1225 269 1259 et
287 1222 330 1259 in
349 1221 494 1271 capella
511 1234 578 1271 per
596 1221 716 1259 alium
735 1221 975 1271 capellanum
992 1221 1186 1269 idoneum,
1217 1221 1284 1271 qui
1312 1234 1457 1259 moram
1484 1222 1540 1260 ibi
1566 1222 1694 1271 faciet,

231 1278 490 1325 competenter
523 1276 637 1313 faciet
655 1275 876 1323 ministrari,
894 1275 1098 1325 omniaque
1117 1288 1230 1313 onera
1249 1278 1430 1313 consueta
1449 1278 1488 1314 et
1507 1276 1697 1314 ordinaria

230 1330 438 1368 sustinebit
453 1344 461 1369 ι
491 1329 541 1368 ob
560 1329 665 1379 quod
682 1330 725 1367 in
743 1329 933 1368 auxilium
951 1330 1083 1367 decem
1101 1329 1244 1367 solidos
1262 1342 1284 1367 a
1302 1329 1462 1379 prefatis
1491 1331 1694 1379 canonicis,

229 1384 375 1422 scilicet
408 1384 457 1422 ad
488 1384 670 1434 pascham
686 1396 714 1423 v
732 1384 887 1432 solidos,
907 1386 946 1422 et
978 1383 1028 1422 ad.
1050 1383 1193 1423 festum
1213 1382 1251 1422 S.
1273 1383 1477 1422 Michaelis
1495 1397 1523 1423 v
1540 1383 1694 1432 solidos,

229 1438 414 1489 percipiet
433 1438 645 1477 annuatim.

313 1555 528 1589 ΚΑΥΤΕΒ’.
567 1543 768 1598 [Gadeby]
839 1545 995 1584 Vicaria
1021 1546 1061 1583 in
1092 1545 1248 1584 ecclesia
1276 1545 1323 1583 de
1351 1544 1510 1583 Katteb'
1536 1557 1610 1594 que
1638 1548 1695 1584 est

230 1600 457 1638 monialium
477 1599 622 1638 ordinis
642 1600 690 1638 de
720 1599 1018 1649 Sempingeham
1046 1600 1093 1638 de
1119 1600 1234 1638 domo
1255 1599 1372 1648 Sixle,
1394 1612 1462 1649 per
1479 1599 1695 1649 predictum

224 1654 457 1704 Magistrum
484 1654 530 1692 R.
562 1654 763 1692 officialem
800 1654 950 1692 dudum
977 1655 1032 1692 sic
1060 1657 1118 1692 est
1146 1654 1345 1693 ordinata:
1378 1654 1559 1692 videlicet
1588 1654 1694 1704 quod

227 1708 392 1747 vicarius
410 1708 467 1745 ibi
492 1712 676 1758 perpetuo
703 1708 990 1746 ministraturus
1018 1708 1178 1746 habebit
1205 1711 1332 1746 totum
1359 1707 1585 1757 altaragium
1605 1721 1693 1746 cum

228 1765 326 1800 terra
345 1758 499 1800 ecclesie
518 1765 557 1800 et
575 1763 730 1801 redditu
748 1765 787 1800 et
806 1763 986 1800 omnibus
1013 1762 1099 1800 aliis
1125 1762 1374 1812 pertinenciis
1393 1765 1431 1799 et
1448 1762 1693 1800 libertatibus

227 1816 270 1854 in
289 1816 409 1866 pratis
433 1816 583 1866 pascuis
612 1820 650 1855 et
677 1816 867 1864 turbariis,
899 1819 938 1854 et
965 1816 1210 1855 medietatem
1239 1817 1287 1854 de
1314 1816 1472 1854 decimis
1490 1816 1693 1865 garbarum

228 1883 317 1908 cum
342 1871 413 1908 tali
440 1871 586 1909 scilicet
613 1873 818 1920 augmento
847 1870 952 1920 quod
988 1871 1154 1908 decimas
1185 1871 1386 1921 garbarum
1414 1870 1462 1908 de
1489 1870 1590 1909 valle
1618 1883 1693 1920 que

227 1924 370 1962 dicitur
399 1924 587 1963 Suthdale
614 1938 732 1974 quam
759 1924 941 1963 excolunt
968 1925 1190 1974 parochiani
1217 1925 1372 1963 ecclesie
1399 1924 1569 1974 predicte
1588 1927 1626 1962 et
1645 1924 1692 1963 de

227 1979 393 2028 quadam
409 1979 558 2016 cultura
572 1979 619 2016 de
635 1979 748 2017 feodo
764 1979 920 2016 Ricardi
934 1979 981 2016 de
1002 1979 1211 2018 Sauntford
1229 1980 1271 2016 in
1286 1978 1417 2016 eadem
1431 1978 1532 2016 valle
1546 1979 1692 2028 integre

226 2033 410 2082 percipiet
423 2046 435 2080 ;
454 2033 638 2071 moniales
650 2033 806 2083 quidem
819 2033 989 2083 predicte
1002 2033 1248 2071 medietatem
1261 2033 1308 2071 de
1321 2032 1479 2070 decimis
1491 2033 1692 2082 garbarum

225 2089 352 2136 preter
370 2099 486 2136 quam
505 2087 552 2125 de
572 2087 675 2125 dicta
692 2087 794 2126 valle
822 2090 861 2124 et
888 2087 1037 2125 cultura
1056 2087 1103 2125 de
1123 2087 1313 2126 Suthdale
1332 2087 1545 2136 percipient
1564 2087 1613 2124 ad
1631 2088 1692 2125 sui

224 2144 339 2190 potus
366 2141 657 2180 incrementum.
715 2141 893 2179 Vicarius
921 2154 1010 2180 vero
1038 2141 1289 2179 residenciam
1311 2141 1355 2179 in
1374 2141 1506 2179 eadem
1534 2141 1691 2179 ecelesia

223 2195 339 2232 faciet
367 2198 405 2232 et
431 2195 474 2232 in
506 2196 660 2245 propria
695 2208 857 2246 persona
883 2196 926 2233 in
955 2195 1079 2233 officio
1115 2195 1341 2234 sacerdotali
1376 2195 1621 2242 ministrabit,
1653 2198 1691 2233 et

224 2248 426 2298 synodalia
443 2249 712 2288 tantummodo
730 2249 865 2289 solvet.
924 2249 1115 2288 Moniales
1133 2252 1262 2288 autem
1280 2248 1449 2300 predicte
1469 2250 1600 2288 omnia
1617 2249 1690 2287 alia

224 2315 338 2342 onera
355 2303 614 2343 sustinebunt.

857 2355 940 2410 [Fo.
964 2355 1060 2409 192}

304 2436 728 2471 WESTRAVENDAL’.
765 2428 919 2467 Vicaria
936 2429 979 2466 in
1006 2428 1163 2466 ecclesia
1190 2427 1238 2466 de
1266 2426 1586 2475 Westravendal',
1615 2440 1690 2478 que

224 2484 281 2519 est
301 2481 453 2519 abbatis
472 2486 510 2520 et
538 2485 750 2521 conventus
778 2483 826 2520 de
853 2482 963 2520 Bello
991 2482 1124 2529 Portu,
1155 2495 1222 2532 per
1247 2482 1449 2520 dominum
1467 2482 1689 2532 episcopum

223 2536 278 2573 sic
305 2538 363 2573 est
391 2536 576 2575 ordinata.
633 2536 810 2575 Vicarius
838 2540 1045 2586 perpetuus
1081 2536 1241 2575 habebit
1268 2536 1425 2574 nomine
1452 2536 1593 2574 vicarie
1620 2549 1688 2574 sue

223 2602 397 2627 annuum
434 2591 550 2628 unius
588 2591 761 2628 canonici
797 2591 945 2629 victum
978 2603 1000 2628 a
1032 2590 1214 2640 predictis
1252 2590 1455 2638 canonicis,
1495 2592 1533 2627 et
1569 2602 1687 2628 unam

223 2656 386 2681 marcam
406 2657 574 2681 annuam
602 2645 706 2694 apud
733 2644 1049 2683 Westravendal'.
1108 2645 1192 2694 Ipsi
1219 2648 1348 2683 autem
1367 2644 1539 2683 canonici
1558 2644 1687 2682 omnia

223 2709 337 2735 onera
355 2697 461 2735 illius
481 2698 634 2736 ecclesie
654 2699 845 2737 ordinaria
862 2699 1121 2737 sustinebunt.

304 2807 630 2849 LANGETOFT.*
691 2807 742 2844 In
787 2806 1168 2856 augmentacionibus
1214 2806 1327 2844 factis
1373 2809 1542 2856 tempore
1583 2806 1686 2844 beati

222 2858 383 2896 Roberti
400 2860 604 2899 inventum
623 2864 680 2898 est
699 2861 752 2898 sic
772 2861 956 2910 scriptum
971 2861 1074 2909 :-vj
1095 2859 1185 2898 non'
1206 2860 1338 2909 Martij
1359 2873 1460 2898 anno
1479 2860 1561 2908 xvij
1582 2860 1686 2909 apud

222 2912 436 2963 Lidington
473 2914 633 2952 adauxit
669 2915 869 2964 episcopus
915 2915 1095 2952 vicariam
1138 2914 1333 2952 ecclesiam
1371 2914 1419 2952 de
1464 2914 1681 2963 Langetoft,
