<?xml version="1.0" encoding="UTF-8"?>
<!DOCTYPE html PUBLIC "-//W3C//DTD XHTML 1.0 Transitional//EN"
    "http://www.w3.org/TR/xhtml1/DTD/xhtml1-transitional.dtd">
<html xmlns="http://www.w3.org/1999/xhtml" xml:lang="en" lang="en">
 <head>
  <title>
</title>
<meta http-equiv="Content-Type" content="text/html;charset=utf-8" />
  <meta name='ocr-system' content='tesseract 3.04.00' />
  <meta name='ocr-capabilities' content='ocr_page ocr_carea ocr_par ocr_line ocrx_word'/>
</head>
<body>
  <div class='ocr_page' id='page_1' title='image "./liberantiquusdeo00linc_0063.png"; bbox 0 0 1844 3178; ppageno 0'>
   <div class='ocr_carea' id='block_1_1' title="bbox 701 322 1633 363">
    <p class='ocr_par' dir='ltr' id='par_1_1' title="bbox 701 322 1633 363">
     <span class='ocr_line' id='line_1_1' title="bbox 701 322 1633 363; baseline -0.001 -1"><span class='ocrx_word' id='word_1_1' title='bbox 701 329 906 362; x_wconf 83' lang='lat' dir='ltr'><strong>HUGONIS</strong></span> <span class='ocrx_word' id='word_1_2' title='bbox 938 331 1101 363; x_wconf 88' lang='lat' dir='ltr'>WELLS.</span> <span class='ocrx_word' id='word_1_3' title='bbox 1580 322 1633 362; x_wconf 68' lang='lat'>4¹9</span> 
     </span>
    </p>
   </div>
   <div class='ocr_carea' id='block_1_2' title="bbox 175 426 1632 584">
    <p class='ocr_par' dir='ltr' id='par_1_2' title="bbox 175 426 1632 584">
     <span class='ocr_line' id='line_1_2' title="bbox 176 426 1632 478; baseline 0.004 -15"><span class='ocrx_word' id='word_1_4' title='bbox 176 428 215 464; x_wconf 86' lang='lat' dir='ltr'>et</span> <span class='ocrx_word' id='word_1_5' title='bbox 232 426 334 476; x_wconf 89' lang='lat' dir='ltr'>prior</span> <span class='ocrx_word' id='word_1_6' title='bbox 352 430 390 465; x_wconf 88' lang='lat' dir='ltr'>et</span> <span class='ocrx_word' id='word_1_7' title='bbox 408 431 621 466; x_wconf 86' lang='lat' dir='ltr'>conventus</span> <span class='ocrx_word' id='word_1_8' title='bbox 639 428 897 478; x_wconf 87' lang='lat' dir='ltr'>procurabunt</span> <span class='ocrx_word' id='word_1_9' title='bbox 925 427 1140 478; x_wconf 82' lang='lat' dir='ltr'>hospicium</span> <span class='ocrx_word' id='word_1_10' title='bbox 1168 428 1426 466; x_wconf 83' lang='lat' dir='ltr'>archidiaconi</span> <span class='ocrx_word' id='word_1_11' title='bbox 1445 433 1484 466; x_wconf 85' lang='lat' dir='ltr'>et</span> <span class='ocrx_word' id='word_1_12' title='bbox 1504 432 1632 469; x_wconf 85' lang='lat' dir='ltr'>omnia</span> 
     </span>
     <span class='ocr_line' id='line_1_3' title="bbox 175 480 1631 532; baseline 0.003 -15"><span class='ocrx_word' id='word_1_13' title='bbox 175 480 249 517; x_wconf 90' lang='lat' dir='ltr'>alia</span> <span class='ocrx_word' id='word_1_14' title='bbox 260 493 373 518; x_wconf 88' lang='lat' dir='ltr'>onera</span> <span class='ocrx_word' id='word_1_15' title='bbox 383 482 640 521; x_wconf 86' lang='lat' dir='ltr'>sustinebunt.</span> <span class='ocrx_word' id='word_1_16' title='bbox 696 483 748 520; x_wconf 89' lang='lat' dir='ltr'>Et</span> <span class='ocrx_word' id='word_1_17' title='bbox 760 485 817 520; x_wconf 85' lang='lat' dir='ltr'>est</span> <span class='ocrx_word' id='word_1_18' title='bbox 828 483 969 520; x_wconf 86' lang='lat' dir='ltr'>vicaria</span> <span class='ocrx_word' id='word_1_19' title='bbox 981 483 1038 532; x_wconf 88' lang='lat' dir='ltr'>iiij</span> <span class='ocrx_word' id='word_1_20' title='bbox 1057 494 1265 520; x_wconf 88' lang='lat' dir='ltr'>marcarum</span> <span class='ocrx_word' id='word_1_21' title='bbox 1281 484 1320 519; x_wconf 86' lang='lat' dir='ltr'>et</span> <span class='ocrx_word' id='word_1_22' title='bbox 1331 482 1373 518; x_wconf 88' lang='lat' dir='ltr'>xl</span> <span class='ocrx_word' id='word_1_23' title='bbox 1389 482 1631 522; x_wconf 86' lang='lat' dir='ltr'>denariorum</span> 
     </span>
     <span class='ocr_line' id='line_1_4' title="bbox 176 535 470 584; baseline 0.01 -14"><span class='ocrx_word' id='word_1_24' title='bbox 176 536 213 571; x_wconf 87' lang='lat' dir='ltr'>et</span> <span class='ocrx_word' id='word_1_25' title='bbox 232 546 276 571; x_wconf 94' lang='lat' dir='ltr'>eo</span> <span class='ocrx_word' id='word_1_26' title='bbox 295 535 470 584; x_wconf 90' lang='lat' dir='ltr'>amplius.</span> 
     </span>
    </p>
   </div>
   <div class='ocr_carea' id='block_1_3' title="bbox 174 642 1629 908">
    <p class='ocr_par' dir='ltr' id='par_1_3' title="bbox 174 642 1629 908">
     <span class='ocr_line' id='line_1_5' title="bbox 254 642 1626 692; baseline -0.002 -7"><span class='ocrx_word' id='word_1_27' title='bbox 254 650 494 685; x_wconf 82' lang='grc' dir='ltr'>ΟΙ-ΑΧΕΒΥ.</span> <span class='ocrx_word' id='word_1_28' title='bbox 548 642 702 682; x_wconf 87' lang='lat' dir='ltr'>Vicaria</span> <span class='ocrx_word' id='word_1_29' title='bbox 728 644 770 681; x_wconf 88' lang='lat' dir='ltr'>in</span> <span class='ocrx_word' id='word_1_30' title='bbox 797 643 953 681; x_wconf 89' lang='grc'>66616616</span> <span class='ocrx_word' id='word_1_31' title='bbox 977 642 1025 680; x_wconf 90' lang='grc'>(16</span> <span class='ocrx_word' id='word_1_32' title='bbox 1044 643 1218 692; x_wconf 83' lang='lat' dir='ltr'>Claxeby</span> <span class='ocrx_word' id='word_1_33' title='bbox 1236 655 1311 692; x_wconf 89' lang='lat' dir='ltr'>que</span> <span class='ocrx_word' id='word_1_34' title='bbox 1330 645 1388 680; x_wconf 90' lang='lat' dir='ltr'>est</span> <span class='ocrx_word' id='word_1_35' title='bbox 1406 643 1626 682; x_wconf 86' lang='lat' dir='ltr'>eorumdem</span> 
     </span>
     <span class='ocr_line' id='line_1_6' title="bbox 175 695 1629 747; baseline 0.003 -16"><span class='ocrx_word' id='word_1_36' title='bbox 175 695 351 732; x_wconf 88' lang='lat' dir='ltr'>consistit</span> <span class='ocrx_word' id='word_1_37' title='bbox 363 696 405 732; x_wconf 91' lang='lat' dir='ltr'>in</span> <span class='ocrx_word' id='word_1_38' title='bbox 417 699 500 733; x_wconf 84' lang='lat' dir='ltr'>toto</span> <span class='ocrx_word' id='word_1_39' title='bbox 511 696 691 747; x_wconf 86' lang='lat' dir='ltr'>altaragio</span> <span class='ocrx_word' id='word_1_40' title='bbox 704 709 791 735; x_wconf 91' lang='lat' dir='ltr'>cum</span> <span class='ocrx_word' id='word_1_41' title='bbox 803 697 902 734; x_wconf 85' lang='lat' dir='ltr'>tofto</span> <span class='ocrx_word' id='word_1_42' title='bbox 915 699 952 734; x_wconf 88' lang='lat' dir='ltr'>et</span> <span class='ocrx_word' id='word_1_43' title='bbox 963 700 1062 735; x_wconf 89' lang='lat' dir='ltr'>terra</span> <span class='ocrx_word' id='word_1_44' title='bbox 1075 697 1123 735; x_wconf 92' lang='lat' dir='ltr'>ad</span> <span class='ocrx_word' id='word_1_45' title='bbox 1136 697 1331 734; x_wconf 86' lang='lat' dir='ltr'>ecclesiam</span> <span class='ocrx_word' id='word_1_46' title='bbox 1346 697 1629 745; x_wconf 87' lang='lat' dir='ltr'>pertinentibus</span> 
     </span>
     <span class='ocr_line' id='line_1_7' title="bbox 174 749 1629 800; baseline 0.003 -15"><span class='ocrx_word' id='word_1_47' title='bbox 174 760 306 786; x_wconf 85' lang='lat' dir='ltr'>versus</span> <span class='ocrx_word' id='word_1_48' title='bbox 324 749 544 798; x_wconf 84' lang='lat' dir='ltr'>aquilonem</span> <span class='ocrx_word' id='word_1_49' title='bbox 563 754 600 789; x_wconf 92' lang='lat' dir='ltr'>et</span> <span class='ocrx_word' id='word_1_50' title='bbox 626 752 669 788; x_wconf 87' lang='grc'>111</span> <span class='ocrx_word' id='word_1_51' title='bbox 697 751 853 789; x_wconf 83' lang='lat' dir='ltr'>decimis</span> <span class='ocrx_word' id='word_1_52' title='bbox 880 751 1082 800; x_wconf 84' lang='lat' dir='ltr'>garbarum</span> <span class='ocrx_word' id='word_1_53' title='bbox 1109 750 1272 788; x_wconf 89' lang='lat' dir='ltr'>dominii</span> <span class='ocrx_word' id='word_1_54' title='bbox 1290 750 1470 788; x_wconf 88' lang='lat' dir='ltr'>Ysabelle</span> <span class='ocrx_word' id='word_1_55' title='bbox 1498 752 1629 789; x_wconf 85' lang='lat' dir='ltr'>uxoris</span> 
     </span>
     <span class='ocr_line' id='line_1_8' title="bbox 174 802 1627 853; baseline 0.003 -15"><span class='ocrx_word' id='word_1_56' title='bbox 174 802 334 839; x_wconf 87' lang='lat' dir='ltr'>Bald&#39;ici</span> <span class='ocrx_word' id='word_1_57' title='bbox 354 803 402 840; x_wconf 87' lang='lat' dir='ltr'>de</span> <span class='ocrx_word' id='word_1_58' title='bbox 421 804 610 842; x_wconf 85' lang='lat' dir='ltr'>Brendale</span> <span class='ocrx_word' id='word_1_59' title='bbox 628 804 691 843; x_wconf 89' lang='lat' dir='ltr'>vel</span> <span class='ocrx_word' id='word_1_60' title='bbox 708 805 751 842; x_wconf 89' lang='lat' dir='ltr'>in</span> <span class='ocrx_word' id='word_1_61' title='bbox 770 804 927 842; x_wconf 80' lang='lat' dir='ltr'>decimis</span> <span class='ocrx_word' id='word_1_62' title='bbox 940 804 1036 842; x_wconf 86' lang='lat' dir='ltr'>dicti</span> <span class='ocrx_word' id='word_1_63' title='bbox 1050 805 1233 842; x_wconf 90' lang='lat' dir='ltr'>dominici</span> <span class='ocrx_word' id='word_1_64' title='bbox 1246 804 1465 853; x_wconf 83' lang='lat' dir='ltr'>quicunque</span> <span class='ocrx_word' id='word_1_65' title='bbox 1480 805 1627 843; x_wconf 88' lang='lat' dir='ltr'>dictum</span> 
     </span>
     <span class='ocr_line' id='line_1_9' title="bbox 174 855 1539 908; baseline 0.004 -16"><span class='ocrx_word' id='word_1_66' title='bbox 174 855 409 894; x_wconf 88' lang='lat' dir='ltr'>dominicum</span> <span class='ocrx_word' id='word_1_67' title='bbox 427 858 594 896; x_wconf 87' lang='lat' dir='ltr'>tenuerit</span> <span class='ocrx_word' id='word_1_68' title='bbox 611 858 675 897; x_wconf 89' lang='lat' dir='ltr'>vel</span> <span class='ocrx_word' id='word_1_69' title='bbox 693 858 911 908; x_wconf 75' lang='lat' dir='ltr'>possederit.</span> <span class='ocrx_word' id='word_1_70' title='bbox 967 859 1020 896; x_wconf 88' lang='lat' dir='ltr'>Et</span> <span class='ocrx_word' id='word_1_71' title='bbox 1038 862 1096 896; x_wconf 89' lang='lat' dir='ltr'>est</span> <span class='ocrx_word' id='word_1_72' title='bbox 1115 858 1256 896; x_wconf 76' lang='lat' dir='ltr'>vicaria</span> <span class='ocrx_word' id='word_1_73' title='bbox 1275 871 1301 896; x_wconf 89' lang='lat' dir='ltr'><strong>v</strong></span> <span class='ocrx_word' id='word_1_74' title='bbox 1319 870 1539 897; x_wconf 89' lang='lat' dir='ltr'>marcarum.</span> 
     </span>
    </p>
   </div>
   <div class='ocr_carea' id='block_1_4' title="bbox 168 964 1630 1433">
    <p class='ocr_par' dir='ltr' id='par_1_4' title="bbox 168 964 1630 1433">
     <span class='ocr_line' id='line_1_10' title="bbox 255 964 1628 1014; baseline 0.002 -13"><span class='ocrx_word' id='word_1_75' title='bbox 255 973 468 1007; x_wconf 72' lang='grc' dir='ltr'>ΒυΒΤοΝ,</span> <span class='ocrx_word' id='word_1_76' title='bbox 522 964 677 1002; x_wconf 89' lang='lat' dir='ltr'>Vicaria</span> <span class='ocrx_word' id='word_1_77' title='bbox 703 965 746 1003; x_wconf 85' lang='lat' dir='ltr'>in</span> <span class='ocrx_word' id='word_1_78' title='bbox 771 965 926 1003; x_wconf 89' lang='grc'>66616616</span> <span class='ocrx_word' id='word_1_79' title='bbox 953 965 1002 1003; x_wconf 84' lang='grc'>(16</span> <span class='ocrx_word' id='word_1_80' title='bbox 1031 964 1207 1002; x_wconf 87' lang='lat' dir='ltr'>Burthon</span> <span class='ocrx_word' id='word_1_81' title='bbox 1235 977 1309 1014; x_wconf 88' lang='lat' dir='ltr'>que</span> <span class='ocrx_word' id='word_1_82' title='bbox 1332 968 1390 1003; x_wconf 91' lang='lat' dir='ltr'>est</span> <span class='ocrx_word' id='word_1_83' title='bbox 1409 966 1628 1004; x_wconf 88' lang='lat' dir='ltr'>eorumdem</span> 
     </span>
     <span class='ocr_line' id='line_1_11' title="bbox 172 1017 1628 1068; baseline 0.003 -14"><span class='ocrx_word' id='word_1_84' title='bbox 172 1017 346 1054; x_wconf 88' lang='lat' dir='ltr'>consistit</span> <span class='ocrx_word' id='word_1_85' title='bbox 364 1018 406 1054; x_wconf 89' lang='lat' dir='ltr'>in</span> <span class='ocrx_word' id='word_1_86' title='bbox 424 1020 506 1055; x_wconf 80' lang='lat' dir='ltr'>toto</span> <span class='ocrx_word' id='word_1_87' title='bbox 533 1018 714 1067; x_wconf 86' lang='lat' dir='ltr'>altaragio</span> <span class='ocrx_word' id='word_1_88' title='bbox 742 1031 829 1056; x_wconf 89' lang='lat' dir='ltr'>cum</span> <span class='ocrx_word' id='word_1_89' title='bbox 856 1018 957 1057; x_wconf 83' lang='grc'>10110</span> <span class='ocrx_word' id='word_1_90' title='bbox 985 1019 1089 1068; x_wconf 87' lang='lat' dir='ltr'>quod</span> <span class='ocrx_word' id='word_1_91' title='bbox 1116 1018 1192 1056; x_wconf 85' lang='lat' dir='ltr'>fuit</span> <span class='ocrx_word' id='word_1_92' title='bbox 1211 1018 1393 1056; x_wconf 86' lang='lat' dir='ltr'>Thoraldi</span> <span class='ocrx_word' id='word_1_93' title='bbox 1411 1021 1628 1068; x_wconf 88' lang='lat' dir='ltr'>parmetarii</span> 
     </span>
     <span class='ocr_line' id='line_1_12' title="bbox 170 1071 1630 1122; baseline 0.002 -15"><span class='ocrx_word' id='word_1_94' title='bbox 170 1083 291 1120; x_wconf 89' lang='lat' dir='ltr'>usque</span> <span class='ocrx_word' id='word_1_95' title='bbox 320 1071 542 1109; x_wconf 73' lang='lat' dir='ltr'>orientalem</span> <span class='ocrx_word' id='word_1_96' title='bbox 569 1076 716 1121; x_wconf 88' lang='lat' dir='ltr'>partem</span> <span class='ocrx_word' id='word_1_97' title='bbox 743 1073 897 1110; x_wconf 82' lang='lat' dir='ltr'>ecclesie</span> <span class='ocrx_word' id='word_1_98' title='bbox 925 1085 1012 1110; x_wconf 89' lang='lat' dir='ltr'>cum</span> <span class='ocrx_word' id='word_1_99' title='bbox 1040 1075 1203 1122; x_wconf 87' lang='lat' dir='ltr'>quatuor</span> <span class='ocrx_word' id='word_1_100' title='bbox 1230 1073 1324 1110; x_wconf 89' lang='lat' dir='ltr'>acris</span> <span class='ocrx_word' id='word_1_101' title='bbox 1353 1076 1449 1111; x_wconf 86' lang='lat' dir='ltr'>terre</span> <span class='ocrx_word' id='word_1_102' title='bbox 1477 1074 1630 1111; x_wconf 87' lang='lat' dir='ltr'>arabilis</span> 
     </span>
     <span class='ocr_line' id='line_1_13' title="bbox 170 1125 1629 1175; baseline 0.003 -14"><span class='ocrx_word' id='word_1_103' title='bbox 170 1125 452 1173; x_wconf 89' lang='lat' dir='ltr'>pertinentibus</span> <span class='ocrx_word' id='word_1_104' title='bbox 471 1125 519 1162; x_wconf 92' lang='lat' dir='ltr'>ad</span> <span class='ocrx_word' id='word_1_105' title='bbox 547 1126 742 1163; x_wconf 89' lang='lat' dir='ltr'>ecclesiam</span> <span class='ocrx_word' id='word_1_106' title='bbox 770 1129 808 1164; x_wconf 89' lang='lat' dir='ltr'>et</span> <span class='ocrx_word' id='word_1_107' title='bbox 835 1127 877 1163; x_wconf 91' lang='grc'>111</span> <span class='ocrx_word' id='word_1_108' title='bbox 905 1127 1062 1164; x_wconf 83' lang='lat' dir='ltr'>decimis</span> <span class='ocrx_word' id='word_1_109' title='bbox 1089 1126 1290 1175; x_wconf 83' lang='lat' dir='ltr'>garbarum</span> <span class='ocrx_word' id='word_1_110' title='bbox 1318 1127 1438 1164; x_wconf 87' lang='lat' dir='ltr'>totius</span> <span class='ocrx_word' id='word_1_111' title='bbox 1467 1127 1629 1165; x_wconf 89' lang='lat' dir='ltr'>dominii</span> 
     </span>
     <span class='ocr_line' id='line_1_14' title="bbox 169 1178 1627 1227; baseline 0.002 -12"><span class='ocrx_word' id='word_1_112' title='bbox 169 1178 305 1227; x_wconf 88' lang='lat' dir='ltr'>prioris</span> <span class='ocrx_word' id='word_1_113' title='bbox 316 1181 354 1216; x_wconf 90' lang='lat' dir='ltr'>et</span> <span class='ocrx_word' id='word_1_114' title='bbox 367 1182 578 1217; x_wconf 84' lang='lat' dir='ltr'>conventus</span> <span class='ocrx_word' id='word_1_115' title='bbox 591 1179 636 1216; x_wconf 90' lang='lat' dir='ltr'>de</span> <span class='ocrx_word' id='word_1_116' title='bbox 650 1179 809 1217; x_wconf 84' lang='lat' dir='ltr'>Freston</span> <span class='ocrx_word' id='word_1_117' title='bbox 822 1180 865 1217; x_wconf 91' lang='lat' dir='ltr'>in</span> <span class='ocrx_word' id='word_1_118' title='bbox 880 1180 1010 1217; x_wconf 87' lang='lat' dir='ltr'>eadem</span> <span class='ocrx_word' id='word_1_119' title='bbox 1023 1180 1126 1218; x_wconf 89' lang='lat' dir='ltr'>villa.</span> <span class='ocrx_word' id='word_1_120' title='bbox 1186 1180 1236 1217; x_wconf 88' lang='lat' dir='ltr'>Et</span> <span class='ocrx_word' id='word_1_121' title='bbox 1251 1181 1414 1218; x_wconf 85' lang='lat' dir='ltr'>vicarius</span> <span class='ocrx_word' id='word_1_122' title='bbox 1427 1182 1627 1219; x_wconf 72' lang='lat' dir='ltr'>annuatim</span> 
     </span>
     <span class='ocr_line' id='line_1_15' title="bbox 170 1231 1627 1283; baseline 0.003 -15"><span class='ocrx_word' id='word_1_123' title='bbox 170 1231 293 1269; x_wconf 88' lang='lat' dir='ltr'>solvet</span> <span class='ocrx_word' id='word_1_124' title='bbox 311 1233 577 1270; x_wconf 88' lang='lat' dir='ltr'>tantummodo</span> <span class='ocrx_word' id='word_1_125' title='bbox 597 1234 795 1282; x_wconf 84' lang='lat' dir='ltr'>synodalia</span> <span class='ocrx_word' id='word_1_126' title='bbox 814 1237 853 1271; x_wconf 92' lang='lat' dir='ltr'>et</span> <span class='ocrx_word' id='word_1_127' title='bbox 871 1235 945 1282; x_wconf 91' lang='lat' dir='ltr'>ipsi</span> <span class='ocrx_word' id='word_1_128' title='bbox 964 1235 1067 1283; x_wconf 88' lang='lat' dir='ltr'>prior</span> <span class='ocrx_word' id='word_1_129' title='bbox 1084 1236 1122 1271; x_wconf 90' lang='grc'>61</span> <span class='ocrx_word' id='word_1_130' title='bbox 1142 1237 1354 1271; x_wconf 84' lang='lat' dir='ltr'>conventus</span> <span class='ocrx_word' id='word_1_131' title='bbox 1368 1235 1627 1283; x_wconf 85' lang='lat' dir='ltr'>procurabunt</span> 
     </span>
     <span class='ocr_line' id='line_1_16' title="bbox 169 1284 1625 1337; baseline 0.003 -15"><span class='ocrx_word' id='word_1_132' title='bbox 169 1284 383 1334; x_wconf 85' lang='lat' dir='ltr'>hospicium</span> <span class='ocrx_word' id='word_1_133' title='bbox 391 1286 662 1324; x_wconf 85' lang='lat' dir='ltr'>Archidiaconi</span> <span class='ocrx_word' id='word_1_134' title='bbox 673 1291 711 1324; x_wconf 92' lang='lat' dir='ltr'>et</span> <span class='ocrx_word' id='word_1_135' title='bbox 723 1288 850 1325; x_wconf 88' lang='lat' dir='ltr'>omnia</span> <span class='ocrx_word' id='word_1_136' title='bbox 863 1288 937 1325; x_wconf 87' lang='lat' dir='ltr'>alia</span> <span class='ocrx_word' id='word_1_137' title='bbox 949 1300 1062 1325; x_wconf 84' lang='lat' dir='ltr'>onera</span> <span class='ocrx_word' id='word_1_138' title='bbox 1074 1287 1115 1324; x_wconf 91' lang='lat' dir='ltr'>in</span> <span class='ocrx_word' id='word_1_139' title='bbox 1127 1292 1354 1337; x_wconf 85' lang='lat' dir='ltr'>perpetuum</span> <span class='ocrx_word' id='word_1_140' title='bbox 1367 1289 1625 1327; x_wconf 86' lang='lat' dir='ltr'>sustinebunt.</span> 
     </span>
     <span class='ocr_line' id='line_1_17' title="bbox 168 1339 1627 1392; baseline 0.003 -16"><span class='ocrx_word' id='word_1_141' title='bbox 168 1339 306 1377; x_wconf 84' lang='lat' dir='ltr'>Petrus</span> <span class='ocrx_word' id='word_1_142' title='bbox 326 1339 374 1377; x_wconf 90' lang='lat' dir='ltr'>de</span> <span class='ocrx_word' id='word_1_143' title='bbox 393 1340 606 1390; x_wconf 87' lang='lat' dir='ltr'>Mintinges</span> <span class='ocrx_word' id='word_1_144' title='bbox 620 1353 688 1390; x_wconf 88' lang='lat' dir='ltr'>per</span> <span class='ocrx_word' id='word_1_145' title='bbox 701 1341 867 1378; x_wconf 89' lang='lat' dir='ltr'>multum</span> <span class='ocrx_word' id='word_1_146' title='bbox 883 1345 1036 1391; x_wconf 88' lang='lat' dir='ltr'>tempus</span> <span class='ocrx_word' id='word_1_147' title='bbox 1049 1341 1125 1379; x_wconf 86' lang='lat' dir='ltr'>fuit</span> <span class='ocrx_word' id='word_1_148' title='bbox 1136 1342 1179 1378; x_wconf 93' lang='lat' dir='ltr'>in</span> <span class='ocrx_word' id='word_1_149' title='bbox 1194 1342 1428 1391; x_wconf 79' lang='lat' dir='ltr'>possessione</span> <span class='ocrx_word' id='word_1_150' title='bbox 1444 1346 1627 1392; x_wconf 88' lang='lat' dir='ltr'>tanquam</span> 
     </span>
     <span class='ocr_line' id='line_1_18' title="bbox 168 1392 972 1433; baseline 0.002 -3"><span class='ocrx_word' id='word_1_151' title='bbox 168 1392 343 1431; x_wconf 85' lang='lat' dir='ltr'>vicarius.</span> <span class='ocrx_word' id='word_1_152' title='bbox 399 1393 452 1431; x_wconf 90' lang='lat' dir='ltr'>Et</span> <span class='ocrx_word' id='word_1_153' title='bbox 471 1398 528 1432; x_wconf 89' lang='lat' dir='ltr'>est</span> <span class='ocrx_word' id='word_1_154' title='bbox 548 1394 687 1432; x_wconf 87' lang='lat' dir='ltr'>vicaria</span> <span class='ocrx_word' id='word_1_155' title='bbox 706 1406 732 1433; x_wconf 88' lang='lat' dir='ltr'>v</span> <span class='ocrx_word' id='word_1_156' title='bbox 751 1407 972 1433; x_wconf 85' lang='lat' dir='ltr'>marcarum.</span> 
     </span>
    </p>
   </div>
   <div class='ocr_carea' id='block_1_5' title="bbox 167 1498 1628 1609">
    <p class='ocr_par' dir='ltr' id='par_1_5' title="bbox 167 1498 1628 1609">
     <span class='ocr_line' id='line_1_19' title="bbox 250 1498 1628 1554; baseline 0.001 -14"><span class='ocrx_word' id='word_1_157' title='bbox 250 1510 512 1544; x_wconf 69' lang='lat' dir='ltr'><strong>LEKEBURN</strong></span> <span class='ocrx_word' id='word_1_158' title='bbox 549 1498 769 1554; x_wconf 62' lang='lat' dir='ltr'>[Leyburn]</span> <span class='ocrx_word' id='word_1_159' title='bbox 827 1502 981 1540; x_wconf 87' lang='lat' dir='ltr'>Vicaria</span> <span class='ocrx_word' id='word_1_160' title='bbox 998 1502 1041 1539; x_wconf 89' lang='lat' dir='ltr'>in</span> <span class='ocrx_word' id='word_1_161' title='bbox 1061 1501 1217 1540; x_wconf 87' lang='grc'>66616616</span> <span class='ocrx_word' id='word_1_162' title='bbox 1236 1502 1283 1539; x_wconf 85' lang='grc'>(16</span> <span class='ocrx_word' id='word_1_163' title='bbox 1296 1502 1503 1541; x_wconf 87' lang='lat' dir='ltr'>Lekeburn</span> <span class='ocrx_word' id='word_1_164' title='bbox 1518 1504 1628 1552; x_wconf 85' lang='lat' dir='ltr'>cujus</span> 
     </span>
     <span class='ocr_line' id='line_1_20' title="bbox 167 1554 1396 1609; baseline 0.002 -17"><span class='ocrx_word' id='word_1_165' title='bbox 167 1554 353 1592; x_wconf 76' lang='lat' dir='ltr'>medietas</span> <span class='ocrx_word' id='word_1_166' title='bbox 372 1558 429 1592; x_wconf 89' lang='lat' dir='ltr'>est</span> <span class='ocrx_word' id='word_1_167' title='bbox 447 1555 620 1604; x_wconf 81' lang='lat' dir='ltr'>magistri</span> <span class='ocrx_word' id='word_1_168' title='bbox 639 1559 677 1593; x_wconf 91' lang='lat' dir='ltr'>et</span> <span class='ocrx_word' id='word_1_169' title='bbox 696 1555 920 1594; x_wconf 89' lang='lat' dir='ltr'>monialium</span> <span class='ocrx_word' id='word_1_170' title='bbox 941 1556 988 1593; x_wconf 90' lang='lat' dir='ltr'>de</span> <span class='ocrx_word' id='word_1_171' title='bbox 1008 1555 1215 1593; x_wconf 86' lang='lat' dir='ltr'>Lekeburn</span> <span class='ocrx_word' id='word_1_172' title='bbox 1235 1554 1396 1609; x_wconf 65' lang='lat' dir='ltr'>[blank]</span> 
     </span>
    </p>
   </div>
   <div class='ocr_carea' id='block_1_6' title="bbox 167 1660 1628 1770">
    <p class='ocr_par' dir='ltr' id='par_1_6' title="bbox 167 1660 1628 1770">
     <span class='ocr_line' id='line_1_21' title="bbox 247 1660 1628 1716; baseline 0 -14"><span class='ocrx_word' id='word_1_173' title='bbox 247 1671 598 1706; x_wconf 78' lang='grc' dir='ltr'>8ΑΙ.ΤΡΙ,ΑΙ)ΕΒΥ</span> <span class='ocrx_word' id='word_1_174' title='bbox 633 1660 898 1716; x_wconf 63' lang='grc' dir='ltr'>[ΒαῑζῇεθΐῦῃῙ.</span> <span class='ocrx_word' id='word_1_175' title='bbox 946 1663 1101 1701; x_wconf 88' lang='lat' dir='ltr'>Vicaria</span> <span class='ocrx_word' id='word_1_176' title='bbox 1114 1663 1156 1701; x_wconf 87' lang='lat' dir='ltr'>in</span> <span class='ocrx_word' id='word_1_177' title='bbox 1170 1663 1326 1702; x_wconf 86' lang='lat' dir='ltr'>eeclesia</span> <span class='ocrx_word' id='word_1_178' title='bbox 1345 1664 1392 1702; x_wconf 88' lang='lat' dir='ltr'>de</span> <span class='ocrx_word' id='word_1_179' title='bbox 1409 1663 1628 1714; x_wconf 83' lang='lat' dir='ltr'>Salfladeby</span> 
     </span>
     <span class='ocr_line' id='line_1_22' title="bbox 167 1715 970 1770; baseline 0.004 -17"><span class='ocrx_word' id='word_1_180' title='bbox 167 1715 276 1765; x_wconf 87' lang='lat' dir='ltr'>cujus</span> <span class='ocrx_word' id='word_1_181' title='bbox 294 1716 477 1754; x_wconf 85' lang='lat' dir='ltr'>medietas</span> <span class='ocrx_word' id='word_1_182' title='bbox 496 1721 553 1755; x_wconf 91' lang='grc'>661</span> <span class='ocrx_word' id='word_1_183' title='bbox 572 1718 789 1755; x_wconf 88' lang='lat' dir='ltr'>earumdem</span> <span class='ocrx_word' id='word_1_184' title='bbox 808 1716 970 1770; x_wconf 56' lang='lat' dir='ltr'>[blank]</span> 
     </span>
    </p>
   </div>
   <div class='ocr_carea' id='block_1_7' title="bbox 802 1823 1010 1878">
    <p class='ocr_par' dir='ltr' id='par_1_7' title="bbox 802 1823 1010 1878">
     <span class='ocr_line' id='line_1_23' title="bbox 802 1823 1010 1878; baseline 0.005 -15"><span class='ocrx_word' id='word_1_185' title='bbox 802 1823 884 1878; x_wconf 77' lang='lat' dir='ltr'><strong><em>[Fo.</em></strong></span> <span class='ocrx_word' id='word_1_186' title='bbox 911 1826 957 1863; x_wconf 88' lang='lat'>15</span> <span class='ocrx_word' id='word_1_187' title='bbox 965 1823 1010 1877; x_wconf 58' lang='grc' dir='ltr'>ἃ].</span> 
     </span>
    </p>
   </div>
   <div class='ocr_carea' id='block_1_8' title="bbox 166 1895 1628 2216">
    <p class='ocr_par' dir='ltr' id='par_1_8' title="bbox 166 1895 1628 2216">
     <span class='ocr_line' id='line_1_24' title="bbox 251 1895 1628 1945; baseline 0 -11"><span class='ocrx_word' id='word_1_188' title='bbox 251 1906 545 1941; x_wconf 58' lang='grc' dir='ltr'>ΗΑι-μιΝΤοΝ,</span> <span class='ocrx_word' id='word_1_189' title='bbox 600 1896 755 1934; x_wconf 86' lang='lat' dir='ltr'>Vicaria</span> <span class='ocrx_word' id='word_1_190' title='bbox 779 1896 822 1933; x_wconf 88' lang='lat' dir='ltr'>in</span> <span class='ocrx_word' id='word_1_191' title='bbox 847 1896 1003 1934; x_wconf 88' lang='lat' dir='ltr'>ecclesia</span> <span class='ocrx_word' id='word_1_192' title='bbox 1021 1895 1069 1933; x_wconf 91' lang='lat' dir='ltr'>de</span> <span class='ocrx_word' id='word_1_193' title='bbox 1089 1896 1294 1933; x_wconf 86' lang='lat' dir='ltr'>Hallinton</span> <span class='ocrx_word' id='word_1_194' title='bbox 1314 1897 1423 1945; x_wconf 89' lang='lat' dir='ltr'>cujus</span> <span class='ocrx_word' id='word_1_195' title='bbox 1442 1897 1628 1935; x_wconf 87' lang='lat' dir='ltr'>medietas</span> 
     </span>
     <span class='ocr_line' id='line_1_25' title="bbox 168 1950 1626 1999; baseline 0 -11"><span class='ocrx_word' id='word_1_196' title='bbox 168 1954 226 1990; x_wconf 88' lang='lat' dir='ltr'>est</span> <span class='ocrx_word' id='word_1_197' title='bbox 267 1952 315 1990; x_wconf 91' lang='lat' dir='ltr'>de</span> <span class='ocrx_word' id='word_1_198' title='bbox 356 1951 609 1990; x_wconf 86' lang='lat' dir='ltr'>advocacione</span> <span class='ocrx_word' id='word_1_199' title='bbox 645 1951 863 1988; x_wconf 86' lang='lat' dir='ltr'>earumdem</span> <span class='ocrx_word' id='word_1_200' title='bbox 905 1950 1082 1988; x_wconf 89' lang='lat' dir='ltr'>consistit</span> <span class='ocrx_word' id='word_1_201' title='bbox 1121 1950 1163 1987; x_wconf 84' lang='lat' dir='ltr'>in</span> <span class='ocrx_word' id='word_1_202' title='bbox 1201 1953 1284 1987; x_wconf 91' lang='lat' dir='ltr'>toto</span> <span class='ocrx_word' id='word_1_203' title='bbox 1323 1950 1506 1999; x_wconf 87' lang='lat' dir='ltr'>altaragio</span> <span class='ocrx_word' id='word_1_204' title='bbox 1539 1964 1626 1989; x_wconf 87' lang='lat' dir='ltr'>cum</span> 
     </span>
     <span class='ocr_line' id='line_1_26' title="bbox 166 2003 1627 2055; baseline -0.001 -11"><span class='ocrx_word' id='word_1_205' title='bbox 166 2006 268 2044; x_wconf 84' lang='grc'>10110</span> <span class='ocrx_word' id='word_1_206' title='bbox 313 2005 552 2055; x_wconf 86' lang='lat' dir='ltr'>assignando.</span> <span class='ocrx_word' id='word_1_207' title='bbox 628 2004 680 2042; x_wconf 91' lang='lat' dir='ltr'>Et</span> <span class='ocrx_word' id='word_1_208' title='bbox 725 2004 890 2042; x_wconf 83' lang='lat' dir='ltr'>vicarius</span> <span class='ocrx_word' id='word_1_209' title='bbox 940 2004 1141 2041; x_wconf 87' lang='lat' dir='ltr'>annuatim</span> <span class='ocrx_word' id='word_1_210' title='bbox 1187 2003 1312 2041; x_wconf 85' lang='lat' dir='ltr'>solvet</span> <span class='ocrx_word' id='word_1_211' title='bbox 1357 2005 1627 2042; x_wconf 85' lang='lat' dir='ltr'>tantummodo</span> 
     </span>
     <span class='ocr_line' id='line_1_27' title="bbox 166 2057 1628 2109; baseline -0.001 -12"><span class='ocrx_word' id='word_1_212' title='bbox 166 2059 366 2109; x_wconf 88' lang='lat' dir='ltr'>synodalia</span> <span class='ocrx_word' id='word_1_213' title='bbox 402 2062 441 2097; x_wconf 87' lang='lat' dir='ltr'>et</span> <span class='ocrx_word' id='word_1_214' title='bbox 477 2058 656 2107; x_wconf 86' lang='lat' dir='ltr'>magister</span> <span class='ocrx_word' id='word_1_215' title='bbox 699 2061 738 2096; x_wconf 92' lang='lat' dir='ltr'>et</span> <span class='ocrx_word' id='word_1_216' title='bbox 784 2061 996 2096; x_wconf 86' lang='lat' dir='ltr'>conventus</span> <span class='ocrx_word' id='word_1_217' title='bbox 1041 2057 1089 2095; x_wconf 91' lang='lat' dir='ltr'>de</span> <span class='ocrx_word' id='word_1_218' title='bbox 1125 2057 1331 2095; x_wconf 86' lang='lat' dir='ltr'>Lekeburn</span> <span class='ocrx_word' id='word_1_219' title='bbox 1368 2058 1628 2107; x_wconf 87' lang='lat' dir='ltr'>procurabunt</span> 
     </span>
     <span class='ocr_line' id='line_1_28' title="bbox 166 2112 1623 2163; baseline -0.001 -12"><span class='ocrx_word' id='word_1_220' title='bbox 166 2114 383 2163; x_wconf 89' lang='lat' dir='ltr'>hospicium</span> <span class='ocrx_word' id='word_1_221' title='bbox 402 2112 675 2151; x_wconf 89' lang='lat' dir='ltr'>Archidiaconi</span> <span class='ocrx_word' id='word_1_222' title='bbox 695 2114 733 2149; x_wconf 88' lang='lat' dir='ltr'>et</span> <span class='ocrx_word' id='word_1_223' title='bbox 759 2115 881 2150; x_wconf 87' lang='lat' dir='ltr'>cetera</span> <span class='ocrx_word' id='word_1_224' title='bbox 909 2124 1023 2149; x_wconf 89' lang='lat' dir='ltr'>onera</span> <span class='ocrx_word' id='word_1_225' title='bbox 1048 2112 1091 2149; x_wconf 90' lang='lat' dir='ltr'>in</span> <span class='ocrx_word' id='word_1_226' title='bbox 1118 2114 1347 2161; x_wconf 89' lang='lat' dir='ltr'>perpetuum</span> <span class='ocrx_word' id='word_1_227' title='bbox 1365 2113 1623 2151; x_wconf 86' lang='lat' dir='ltr'>sustinebunt.</span> 
     </span>
     <span class='ocr_line' id='line_1_29' title="bbox 167 2167 774 2216; baseline -0.003 -10"><span class='ocrx_word' id='word_1_228' title='bbox 167 2167 219 2206; x_wconf 90' lang='lat' dir='ltr'>Et</span> <span class='ocrx_word' id='word_1_229' title='bbox 238 2171 297 2206; x_wconf 87' lang='lat' dir='ltr'>est</span> <span class='ocrx_word' id='word_1_230' title='bbox 314 2167 456 2206; x_wconf 84' lang='lat' dir='ltr'>vicaria</span> <span class='ocrx_word' id='word_1_231' title='bbox 473 2167 531 2216; x_wconf 85' lang='lat' dir='ltr'>iiij</span> <span class='ocrx_word' id='word_1_232' title='bbox 552 2178 774 2204; x_wconf 84' lang='lat' dir='ltr'>marearum.</span> 
     </span>
    </p>
   </div>
   <div class='ocr_carea' id='block_1_9' title="bbox 165 2289 1628 2826">
    <p class='ocr_par' dir='ltr' id='par_1_9' title="bbox 165 2289 1628 2826">
     <span class='ocr_line' id='line_1_30' title="bbox 250 2289 1628 2339; baseline -0.001 -11"><span class='ocrx_word' id='word_1_233' title='bbox 250 2301 575 2336; x_wconf 62' lang='lat' dir='ltr'>FARLESTQRp,</span> <span class='ocrx_word' id='word_1_234' title='bbox 638 2289 793 2328; x_wconf 88' lang='lat' dir='ltr'>Vicaria</span> <span class='ocrx_word' id='word_1_235' title='bbox 829 2290 871 2327; x_wconf 91' lang='lat' dir='ltr'>in</span> <span class='ocrx_word' id='word_1_236' title='bbox 909 2289 1065 2327; x_wconf 89' lang='lat' dir='ltr'>ecclesia</span> <span class='ocrx_word' id='word_1_237' title='bbox 1110 2289 1158 2327; x_wconf 91' lang='lat' dir='ltr'>de</span> <span class='ocrx_word' id='word_1_238' title='bbox 1203 2289 1420 2339; x_wconf 86' lang='lat' dir='ltr'>Farlestorp</span> <span class='ocrx_word' id='word_1_239' title='bbox 1458 2303 1533 2339; x_wconf 88' lang='lat' dir='ltr'>que</span> <span class='ocrx_word' id='word_1_240' title='bbox 1570 2294 1628 2328; x_wconf 83' lang='lat' dir='ltr'>est</span> 
     </span>
     <span class='ocr_line' id='line_1_31' title="bbox 166 2343 1627 2394; baseline -0.002 -9"><span class='ocrx_word' id='word_1_241' title='bbox 166 2346 385 2385; x_wconf 88' lang='lat' dir='ltr'>earumdem</span> <span class='ocrx_word' id='word_1_242' title='bbox 404 2345 579 2383; x_wconf 86' lang='lat' dir='ltr'>consistit</span> <span class='ocrx_word' id='word_1_243' title='bbox 600 2345 643 2382; x_wconf 89' lang='lat' dir='ltr'>in</span> <span class='ocrx_word' id='word_1_244' title='bbox 670 2347 753 2382; x_wconf 87' lang='lat' dir='ltr'>toto</span> <span class='ocrx_word' id='word_1_245' title='bbox 781 2343 961 2394; x_wconf 85' lang='lat' dir='ltr'>altaragio</span> <span class='ocrx_word' id='word_1_246' title='bbox 989 2356 1077 2381; x_wconf 87' lang='lat' dir='ltr'>eum</span> <span class='ocrx_word' id='word_1_247' title='bbox 1103 2346 1186 2382; x_wconf 90' lang='lat' dir='ltr'>tota</span> <span class='ocrx_word' id='word_1_248' title='bbox 1212 2346 1312 2381; x_wconf 89' lang='lat' dir='ltr'>terra</span> <span class='ocrx_word' id='word_1_249' title='bbox 1330 2347 1367 2382; x_wconf 92' lang='lat' dir='ltr'>et</span> <span class='ocrx_word' id='word_1_250' title='bbox 1386 2347 1495 2394; x_wconf 86' lang='lat' dir='ltr'>prato</span> <span class='ocrx_word' id='word_1_251' title='bbox 1514 2345 1627 2393; x_wconf 85' lang='lat' dir='ltr'>perti-</span> 
     </span>
     <span class='ocr_line' id='line_1_32' title="bbox 166 2397 1626 2438; baseline -0.002 0"><span class='ocrx_word' id='word_1_252' title='bbox 166 2400 350 2438; x_wconf 86' lang='lat' dir='ltr'>nentibus</span> <span class='ocrx_word' id='word_1_253' title='bbox 387 2399 436 2438; x_wconf 92' lang='lat' dir='ltr'>ad</span> <span class='ocrx_word' id='word_1_254' title='bbox 471 2399 668 2437; x_wconf 86' lang='lat' dir='ltr'>ecclesiam</span> <span class='ocrx_word' id='word_1_255' title='bbox 708 2402 746 2436; x_wconf 88' lang='lat' dir='ltr'>et</span> <span class='ocrx_word' id='word_1_256' title='bbox 791 2411 878 2436; x_wconf 90' lang='lat' dir='ltr'>cum</span> <span class='ocrx_word' id='word_1_257' title='bbox 918 2397 1124 2436; x_wconf 87' lang='lat' dir='ltr'>medietate</span> <span class='ocrx_word' id='word_1_258' title='bbox 1160 2397 1305 2435; x_wconf 81' lang='lat' dir='ltr'>decime</span> <span class='ocrx_word' id='word_1_259' title='bbox 1343 2398 1425 2435; x_wconf 80' lang='lat' dir='ltr'>feni</span> <span class='ocrx_word' id='word_1_260' title='bbox 1462 2398 1626 2436; x_wconf 89' lang='lat' dir='ltr'>dominii</span> 
     </span>
     <span class='ocr_line' id='line_1_33' title="bbox 167 2451 1624 2502; baseline -0.002 -10"><span class='ocrx_word' id='word_1_261' title='bbox 167 2453 372 2493; x_wconf 90' lang='lat' dir='ltr'>Willielmi</span> <span class='ocrx_word' id='word_1_262' title='bbox 391 2453 440 2491; x_wconf 87' lang='lat' dir='ltr'>de</span> <span class='ocrx_word' id='word_1_263' title='bbox 453 2453 670 2502; x_wconf 86' lang='lat' dir='ltr'>Farlestorp</span> <span class='ocrx_word' id='word_1_264' title='bbox 687 2452 731 2489; x_wconf 88' lang='lat' dir='ltr'>in</span> <span class='ocrx_word' id='word_1_265' title='bbox 745 2452 961 2501; x_wconf 85' lang='lat' dir='ltr'>Farlestorp</span> <span class='ocrx_word' id='word_1_266' title='bbox 981 2454 1019 2489; x_wconf 89' lang='lat' dir='ltr'>et</span> <span class='ocrx_word' id='word_1_267' title='bbox 1037 2452 1079 2489; x_wconf 87' lang='lat' dir='ltr'>in</span> <span class='ocrx_word' id='word_1_268' title='bbox 1095 2451 1206 2489; x_wconf 87' lang='lat' dir='ltr'>Otoft</span> <span class='ocrx_word' id='word_1_269' title='bbox 1225 2464 1310 2489; x_wconf 88' lang='lat' dir='ltr'>cum</span> <span class='ocrx_word' id='word_1_270' title='bbox 1326 2451 1424 2489; x_wconf 89' lang='grc'>10110</span> <span class='ocrx_word' id='word_1_271' title='bbox 1440 2455 1478 2490; x_wconf 89' lang='grc'>61</span> <span class='ocrx_word' id='word_1_272' title='bbox 1491 2465 1624 2489; x_wconf 84' lang='grc'>11161160</span> 
     </span>
     <span class='ocr_line' id='line_1_34' title="bbox 166 2505 1627 2558; baseline -0.002 -13"><span class='ocrx_word' id='word_1_273' title='bbox 166 2507 450 2558; x_wconf 89' lang='lat' dir='ltr'>pertinentibus</span> <span class='ocrx_word' id='word_1_274' title='bbox 482 2507 531 2545; x_wconf 92' lang='lat' dir='ltr'>ad</span> <span class='ocrx_word' id='word_1_275' title='bbox 563 2507 706 2544; x_wconf 90' lang='lat' dir='ltr'>dictam</span> <span class='ocrx_word' id='word_1_276' title='bbox 737 2506 933 2544; x_wconf 89' lang='lat' dir='ltr'>ecclesiam</span> <span class='ocrx_word' id='word_1_277' title='bbox 966 2505 1013 2542; x_wconf 92' lang='lat' dir='ltr'>de</span> <span class='ocrx_word' id='word_1_278' title='bbox 1040 2505 1257 2555; x_wconf 86' lang='lat' dir='ltr'>Farlestorp</span> <span class='ocrx_word' id='word_1_279' title='bbox 1286 2509 1444 2555; x_wconf 84' lang='lat' dir='ltr'>excepta</span> <span class='ocrx_word' id='word_1_280' title='bbox 1471 2506 1627 2555; x_wconf 83' lang='lat' dir='ltr'>grangia</span> 
     </span>
     <span class='ocr_line' id='line_1_35' title="bbox 167 2559 1625 2609; baseline -0.002 -9"><span class='ocrx_word' id='word_1_281' title='bbox 167 2575 255 2600; x_wconf 88' lang='lat' dir='ltr'>cum</span> <span class='ocrx_word' id='word_1_282' title='bbox 273 2561 393 2599; x_wconf 88' lang='lat' dir='ltr'>libero</span> <span class='ocrx_word' id='word_1_283' title='bbox 411 2561 575 2598; x_wconf 87' lang='lat' dir='ltr'>introitu</span> <span class='ocrx_word' id='word_1_284' title='bbox 594 2563 632 2598; x_wconf 89' lang='lat' dir='ltr'>et</span> <span class='ocrx_word' id='word_1_285' title='bbox 651 2560 768 2598; x_wconf 84' lang='lat' dir='ltr'>exitu.</span> <span class='ocrx_word' id='word_1_286' title='bbox 829 2560 913 2609; x_wconf 74' lang='lat' dir='ltr'>Que</span> <span class='ocrx_word' id='word_1_287' title='bbox 932 2560 1087 2609; x_wconf 86' lang='lat' dir='ltr'>grangia</span> <span class='ocrx_word' id='word_1_288' title='bbox 1104 2559 1146 2596; x_wconf 92' lang='lat' dir='ltr'>in</span> <span class='ocrx_word' id='word_1_289' title='bbox 1166 2562 1393 2609; x_wconf 86' lang='lat' dir='ltr'>perpetuum</span> <span class='ocrx_word' id='word_1_290' title='bbox 1412 2560 1625 2597; x_wconf 87' lang='lat' dir='ltr'>remanebit</span> 
     </span>
     <span class='ocr_line' id='line_1_36' title="bbox 166 2613 1623 2664; baseline -0.003 -10"><span class='ocrx_word' id='word_1_291' title='bbox 166 2616 280 2654; x_wconf 89' lang='lat' dir='ltr'>dictis</span> <span class='ocrx_word' id='word_1_292' title='bbox 315 2615 494 2664; x_wconf 85' lang='lat' dir='ltr'>magistro</span> <span class='ocrx_word' id='word_1_293' title='bbox 541 2618 579 2652; x_wconf 90' lang='lat' dir='ltr'>et</span> <span class='ocrx_word' id='word_1_294' title='bbox 615 2615 824 2652; x_wconf 87' lang='lat' dir='ltr'>conventui</span> <span class='ocrx_word' id='word_1_295' title='bbox 869 2614 916 2651; x_wconf 91' lang='lat' dir='ltr'>de</span> <span class='ocrx_word' id='word_1_296' title='bbox 961 2613 1168 2650; x_wconf 84' lang='lat' dir='ltr'>Lekeburn</span> <span class='ocrx_word' id='word_1_297' title='bbox 1213 2613 1262 2651; x_wconf 89' lang='lat' dir='ltr'>ad</span> <span class='ocrx_word' id='word_1_298' title='bbox 1307 2613 1466 2651; x_wconf 88' lang='lat' dir='ltr'>bladum</span> <span class='ocrx_word' id='word_1_299' title='bbox 1512 2626 1623 2651; x_wconf 92' lang='lat' dir='ltr'>suum</span> 
     </span>
     <span class='ocr_line' id='line_1_37' title="bbox 165 2667 1625 2719; baseline -0.003 -11"><span class='ocrx_word' id='word_1_300' title='bbox 165 2669 438 2719; x_wconf 87' lang='lat' dir='ltr'>reponendum.</span> <span class='ocrx_word' id='word_1_301' title='bbox 496 2668 548 2706; x_wconf 88' lang='lat' dir='ltr'>Et</span> <span class='ocrx_word' id='word_1_302' title='bbox 574 2668 739 2706; x_wconf 87' lang='lat' dir='ltr'>vicarius</span> <span class='ocrx_word' id='word_1_303' title='bbox 767 2668 890 2706; x_wconf 90' lang='lat' dir='ltr'>solvet</span> <span class='ocrx_word' id='word_1_304' title='bbox 917 2667 1184 2704; x_wconf 88' lang='lat' dir='ltr'>tantummodo</span> <span class='ocrx_word' id='word_1_305' title='bbox 1212 2667 1421 2716; x_wconf 87' lang='lat' dir='ltr'>synodalia.</span> <span class='ocrx_word' id='word_1_306' title='bbox 1478 2667 1531 2705; x_wconf 91' lang='lat' dir='ltr'>Et</span> <span class='ocrx_word' id='word_1_307' title='bbox 1549 2667 1625 2716; x_wconf 86' lang='lat' dir='ltr'>ipsi</span> 
     </span>
     <span class='ocr_line' id='line_1_38' title="bbox 165 2720 1625 2773; baseline -0.003 -12"><span class='ocrx_word' id='word_1_308' title='bbox 165 2724 344 2773; x_wconf 86' lang='lat' dir='ltr'>magister</span> <span class='ocrx_word' id='word_1_309' title='bbox 362 2725 399 2759; x_wconf 92' lang='lat' dir='ltr'>et</span> <span class='ocrx_word' id='word_1_310' title='bbox 419 2725 629 2760; x_wconf 87' lang='lat' dir='ltr'>conventus</span> <span class='ocrx_word' id='word_1_311' title='bbox 648 2722 906 2771; x_wconf 88' lang='lat' dir='ltr'>procurabunt</span> <span class='ocrx_word' id='word_1_312' title='bbox 919 2721 1134 2770; x_wconf 90' lang='lat' dir='ltr'>hospicium</span> <span class='ocrx_word' id='word_1_313' title='bbox 1152 2720 1426 2758; x_wconf 85' lang='lat' dir='ltr'>Archidiaconi</span> <span class='ocrx_word' id='word_1_314' title='bbox 1445 2724 1483 2757; x_wconf 85' lang='lat' dir='ltr'>et</span> <span class='ocrx_word' id='word_1_315' title='bbox 1503 2723 1625 2758; x_wconf 88' lang='lat' dir='ltr'>cetera</span> 
     </span>
     <span class='ocr_line' id='line_1_39' title="bbox 166 2774 1522 2826; baseline -0.003 -11"><span class='ocrx_word' id='word_1_316' title='bbox 166 2791 279 2815; x_wconf 84' lang='lat' dir='ltr'>onera</span> <span class='ocrx_word' id='word_1_317' title='bbox 297 2777 340 2814; x_wconf 89' lang='grc'>111</span> <span class='ocrx_word' id='word_1_318' title='bbox 357 2779 585 2826; x_wconf 82' lang='lat' dir='ltr'>perpetuum</span> <span class='ocrx_word' id='word_1_319' title='bbox 603 2776 860 2814; x_wconf 81' lang='lat' dir='ltr'>sustinebunt.</span> <span class='ocrx_word' id='word_1_320' title='bbox 917 2774 969 2812; x_wconf 74' lang='lat' dir='ltr'>Et</span> <span class='ocrx_word' id='word_1_321' title='bbox 989 2778 1046 2812; x_wconf 88' lang='lat' dir='ltr'>est</span> <span class='ocrx_word' id='word_1_322' title='bbox 1064 2774 1204 2812; x_wconf 89' lang='lat' dir='ltr'>vicaria</span> <span class='ocrx_word' id='word_1_323' title='bbox 1222 2775 1279 2824; x_wconf 85' lang='lat' dir='ltr'>iiij</span> <span class='ocrx_word' id='word_1_324' title='bbox 1302 2786 1522 2812; x_wconf 88' lang='lat' dir='ltr'>marcarum.</span> 
     </span>
    </p>
   </div>
   <div class='ocr_carea' id='block_1_10' title="bbox 874 2898 905 2931">
    <p class='ocr_par' dir='ltr' id='par_1_10' title="bbox 874 2898 905 2931">
     <span class='ocr_line' id='line_1_40' title="bbox 874 2898 905 2931; baseline 0 0"><span class='ocrx_word' id='word_1_325' title='bbox 874 2898 905 2931; x_wconf 91' lang='lat' dir='ltr'>D</span> 
     </span>
    </p>
   </div>
  </div>
 </body>
</html>
