1844 3178
708 332 871 366 HUGON
875 332 916 365 IS
945 332 1109 366 WELLS.
1587 323 1642 363 33

268 440 466 475 ΕεεΕΒΥ,
502 431 656 470 Vicaria
666 430 708 469 in
720 430 877 469 ecclesia
889 430 936 469 de
949 430 1098 481 Esseby
1111 443 1185 481 que
1197 432 1254 468 est
1265 429 1416 468 abbatis
1428 432 1466 468 et
1478 443 1642 471 conven-

183 488 247 524 tus
259 485 306 522 de
317 485 461 523 Alneto
474 486 697 523 auctoritate
711 484 864 523 concilii
875 484 1049 523 ordinata
1061 485 1238 523 consistit
1251 484 1294 522 in
1308 486 1390 521 toto
1405 484 1585 534 altaragio
1601 491 1639 524 et

183 540 226 577 in
252 539 268 577 i
294 539 441 587 virgata
468 542 564 577 terre
593 539 641 577 de
667 542 767 577 terra
801 538 956 576 ecclesie
984 551 1071 576 curn
1099 538 1278 576 omnibus
1306 538 1463 575 decimis
1491 542 1529 576 et
1557 540 1641 578 aliis

184 593 430 642 pertinenciis
447 593 527 631 suis
546 596 584 631 et
602 593 644 630 in
662 592 841 630 omnibus
866 592 1022 630 decimis
1048 593 1095 630 de
1114 593 1238 630 tribus
1257 591 1414 641 virgatis
1432 595 1528 630 terre
1548 606 1641 643 quas

184 647 329 696 Helyas
347 650 454 684 tenet
471 646 796 696 provenientibus.
856 643 937 698 [ΕΟ.
963 644 1060 694 lOb].
1120 646 1333 684 Residuum
1351 648 1480 683 autem
1493 645 1640 685 habent

184 700 278 738 dicti
315 700 494 738 monachi
528 700 570 738 in
606 700 769 750 propriis
804 701 938 738 usibus
974 701 1199 739 auctoritate
1239 699 1410 739 Sauarici
1446 701 1640 750 quondam

182 754 455 793 Archidiaconi
477 754 518 793 N
519 753 786 804 orthampton'.

263 885 436 919 RODES.
472 878 626 917 Vicaria
642 878 686 915 in
704 877 909 916 medietate
935 877 1090 915 ecclesie
1109 877 1157 915 de
1175 877 1303 915 Rodes
1322 889 1396 927 que
1415 880 1472 916 est
1491 878 1642 916 abbatis

181 935 220 970 et
256 935 470 971 conventus
506 932 545 971 S.
577 931 605 969 J
606 932 714 970 acobi
745 931 1044 981 Northampton'
1077 934 1116 970 et
1152 931 1257 970 valet
1286 944 1340 970 xv
1373 931 1485 970 marc'
1516 936 1642 982 preter

179 986 405 1036 altaragium
423 986 527 1037 quod
545 985 648 1025 valet
665 986 693 1035 ij
715 984 827 1024 marc'
849 982 1011 1038 [blank]

262 1116 499 1152 ΡΒΕ8ΤΟΝ.
535 1110 691 1148 Vicaria
718 1110 761 1148 in
794 1109 951 1148 ecclesia
982 1110 1030 1147 (16
1057 1109 1221 1148 Preston
1254 1122 1328 1159 que
1357 1112 1414 1148 est
1440 1110 1578 1160 prioris
1606 1115 1644 1149 et

181 1167 393 1202 conventus
413 1163 451 1202 S.
473 1163 628 1202 Andree
647 1164 688 1202 N
689 1163 946 1214 orthampton'
965 1164 1192 1202 auctoritate
1220 1163 1372 1202 concilii
1392 1165 1567 1202 ordinata
1587 1169 1644 1203 est

181 1218 224 1256 in
249 1218 355 1256 1111116
387 1217 555 1256 modum.
612 1218 791 1256 Vicarius
809 1218 969 1256 habebit
986 1218 1142 1255 nomine
1161 1220 1343 1267 perpetue
1362 1217 1500 1256 vicarie
1519 1222 1645 1257 totum

180 1272 407 1321 altaragium
439 1274 477 1309 et
509 1272 675 1310 decimas
711 1271 884 1310 valentes
921 1271 1062 1321 viginti
1099 1275 1175 1309 tres
1215 1271 1358 1309 solidos
1395 1285 1542 1310 annuos
1579 1285 1647 1322 per

180 1325 490 1364 archidiaconum
518 1325 766 1375 assignandos
792 1326 836 1363 in
855 1328 956 1363 certo
987 1325 1071 1363 loco
1091 1338 1178 1363 cum
1196 1338 1328 1363 manso
1348 1330 1588 1375 competente
1608 1330 1646 1364 et

178 1379 337 1417 habebit
356 1392 600 1417 communam
623 1382 777 1429 pasture
803 1382 949 1428 quanta
976 1379 1143 1428 pertinet
1170 1379 1219 1417 ad
1237 1379 1250 1416 i
1270 1379 1459 1428 virgatam
1487 1383 1585 1418 terre
1605 1384 1644 1418 et

180 1434 304 1472 solvet
317 1433 481 1472 vicarius
493 1433 680 1472 sinodalia
694 1436 847 1471 tantum
861 1433 1041 1471 monachi
1055 1446 1144 1471 vero
1156 1433 1371 1483 hospicium
1387 1434 1644 1472 archidiaconi

179 1487 448 1537 procurabunt.

261 1621 479 1656 HORTON,
533 1611 688 1650 Vicaria
719 1611 763 1649 in
794 1611 952 1649 ecclesia
983 1610 1031 1649 de
1060 1611 1213 1649 Horton
1242 1624 1316 1661 que
1344 1614 1402 1649 est
1430 1612 1579 1650 abbatis
1607 1617 1645 1651 et

179 1669 392 1703 conventus
429 1665 467 1704 S.
503 1665 641 1704 Jacobi
676 1665 718 1703 N
720 1664 978 1715 orthampton'
1011 1665 1238 1703 auctoritate
1276 1665 1429 1703 concilii
1467 1667 1643 1705 ordinata

179 1723 237 1758 est
251 1720 294 1757 in
308 1719 413 1757 hunc
428 1719 597 1758 modum.
640 1719 819 1757 Vicarius
833 1719 992 1757 habebit
1004 1719 1159 1757 nomine
1171 1723 1353 1769 perpetue
1366 1720 1504 1758 vicarie
1518 1724 1644 1759 totum

177 1773 403 1823 altaragium
431 1786 519 1812 cum
545 1786 677 1811 manso
705 1776 946 1823 competente
974 1776 1013 1811 et
1044 1773 1246 1811 dimidiam
1281 1786 1448 1811 marcam
1475 1787 1643 1813 annuam

176 1827 219 1865 in
256 1831 357 1866 certo
393 1828 475 1866 loco
501 1827 770 1878 assignandam
798 1840 865 1877 per
891 1827 1202 1865 archidiaconum
1238 1831 1276 1865 et
1304 1828 1428 1866 solvet
1455 1829 1643 1867 sinodalia

177 1884 340 1920 tantum.
383 1881 570 1921 Canonici
587 1894 677 1920 vero
696 1882 914 1932 hospicium
932 1881 1189 1920 archidiaconi
1208 1882 1477 1931 procurabunt.

261 2015 540 2050 BRAMFEUD,
577 2005 732 2044 Vicaria
758 2006 802 2043 in
829 2005 986 2044 ecclesia
1014 2005 1062 2043 de
1081 2005 1291 2044 Bramfeud
1318 2019 1393 2056 (1116
1421 2010 1479 2045 est
1504 2008 1642 2057 prioris

177 2062 216 2098 et
238 2062 451 2098 conventus
478 2059 516 2099 S.
540 2059 693 2098 Andree
711 2059 753 2098 N
755 2059 1013 2109 orthampton'
1032 2060 1257 2098 auctoritate
1284 2061 1437 2098 concilii
1464 2062 1639 2101 ordinata

177 2117 234 2152 est
253 2114 318 2152 sic.
375 2113 553 2151 Vicarius
571 2114 731 2152 habebit
750 2114 906 2151 nomine
920 2117 1102 2163 perpetue
1116 2114 1257 2152 vicarie
1271 2117 1398 2152 totum
1413 2115 1638 2165 altaragium

177 2180 264 2206 cum
282 2167 486 2217 principali
503 2167 627 2218 legato
647 2170 685 2206 et
706 2171 847 2206 terram
869 2167 1023 2206 ecclesie
1042 2167 1085 2205 in
1104 2167 1297 2206 dominico
1317 2172 1355 2206 et
1373 2170 1544 2207 serviciis
1563 2183 1638 2219 que

175 2221 306 2260 valent
325 2234 392 2271 per
410 2234 555 2259 annum
574 2221 623 2259 ad
640 2222 769 2259 minus
796 2222 896 2271 xvjs.
919 2234 1007 2259 cum
1033 2234 1166 2260 manso
1194 2226 1436 2272 competente
1456 2227 1494 2261 et
1514 2224 1637 2262 solvet

176 2275 362 2313 sinodalia
375 2278 529 2314 tantum
543 2289 552 2314 :
571 2275 750 2314 monachi
762 2287 854 2314 vero
868 2275 1085 2326 hospicium
1096 2275 1354 2314 archidiaconi
1365 2278 1634 2327 procurabunt.

257 2410 415 2444 PARVA
451 2409 709 2445 HOGHTON.
769 2400 924 2439 Vicaria
941 2401 984 2439 in
1002 2401 1157 2439 ecclesia
1176 2401 1224 2439 de
1243 2401 1368 2441 Parva
1387 2402 1543 2442 Hocton
1563 2416 1638 2453 que

175 2457 232 2493 est
251 2454 458 2493 eorundem
476 2455 700 2493 auctoritate
719 2455 872 2493 concilii
890 2455 1066 2494 ordinata
1085 2453 1245 2508 [blank]

257 2587 720 2623 HARDmGESTHORN,
775 2578 929 2618 Vicaria
957 2580 1000 2618 in
1034 2580 1190 2618 ecclesia
1217 2580 1265 2619 de
1297 2581 1634 2631 Hardingesthorn

174 2646 248 2684 que
280 2636 338 2671 est
370 2632 578 2670 eorundem
607 2633 831 2672 auctoritate
867 2634 1022 2672 concilii
1058 2634 1234 2673 ordinata
1266 2636 1442 2673 consistit
1475 2637 1517 2674 in
1550 2640 1632 2675 toto

172 2687 352 2736 altaragio
370 2689 496 2736 preter
513 2699 630 2737 agnos
649 2690 688 2725 et
705 2687 748 2725 in
766 2689 781 2726 i
799 2688 947 2738 virgata
965 2691 1063 2726 terre
1082 2701 1169 2726 cum
1183 2689 1431 2738 pertinenciis
1442 2690 1485 2727 in
1499 2691 1630 2729 eadem

171 2741 267 2780 villa
284 2741 383 2778 etin
410 2740 607 2790 sexaginta
633 2742 752 2780 travis
778 2742 886 2780 bladi
913 2742 961 2780 de
989 2742 1163 2792 quolibet
1189 2742 1304 2780 blado
1333 2744 1381 2780 ab
1402 2744 1486 2793 ipso
1506 2745 1631 2794 priore

171 2794 426 2845 percipiendis
444 2794 656 2833 annuatim.

879 2935 904 2968 O
