1844 3178
701 302 909 336 HUGONIS
939 302 1105 336 WELLS.
1594 292 1646 332 95

268 410 541 446 ΟΗΒΙΝΑΟΙΟ
559 401 701 440 vicarie
719 401 895 451 ejusdem.

268 463 385 502 Salva
399 466 582 512 perpetua
595 463 736 502 vicaria
748 463 791 500 in
806 475 881 512 qua
894 475 961 512 per
974 462 1231 512 provisionem
1245 462 1414 498 nostram
1429 462 1648 501 continetur

187 519 312 555 totum
340 516 565 567 altaragium
596 517 765 566 ejusdem
799 516 952 554 ecclesie
984 518 1023 553 et
1056 515 1131 553 due
1163 515 1301 554 bovate
1328 517 1426 552 terre
1454 517 1492 552 et
1520 519 1646 554 totum

187 574 340 621 pratum
360 571 464 619 quod
491 571 657 620 pertinet
684 571 734 608 ad
761 570 921 608 eandem
949 570 1143 607 ecclesiam
1172 572 1211 606 et
1238 568 1384 606 decima
1411 569 1531 605 totius
1550 573 1648 607 terre

189 637 263 674 que
291 627 448 662 vocatur
480 624 621 663 Holm'.
680 624 745 662 Ad
777 637 892 673 quam
925 623 1106 662 vicariam
1139 623 1240 660 dicte
1276 621 1466 659 Moniales
1503 635 1651 672 semper

190 678 370 728 quociens
405 678 488 727 ipsa
523 679 714 716 vacaverit
750 678 932 715 idoneum
979 677 1217 726 capellanum
1264 676 1441 726 episcopo
1490 676 1650 714 diocesis

188 731 465 782 presentabant
479 744 545 780 per
561 732 781 781 episcopum
800 731 978 769 canonice
997 731 1291 768 instituendum.
1347 729 1425 777 Qui
1456 732 1652 779 tamquam

189 785 353 824 vicarius
380 788 586 834 perpetuus
617 786 658 822 in
696 785 828 823 eadem
861 785 1017 822 ecclesia
1048 784 1284 822 ministrabit
1316 786 1354 820 et
1382 783 1511 820 omnia
1539 796 1653 821 onera

190 838 380 877 ordinaria
399 841 437 876 et
456 841 636 876 consueta
655 839 872 876 sustinebit.
930 838 1056 876 Salvis
1085 838 1203 875 eciam
1221 838 1263 874 in
1283 837 1462 874 omnibus
1482 837 1543 875 &c
1601 838 1653 875 Et

189 895 235 930 ut
262 892 332 930 1160
351 892 590 930 confirmacio
608 895 738 930 nostra
755 894 978 942 perpetuam
1007 892 1181 929 obtineat
1199 891 1418 928 firmitatem
1437 894 1651 939 presentem

190 949 334 984 cartam
352 945 477 995 sigillo
496 949 626 984 nostro
647 959 725 984 una
750 959 837 984 cum
866 945 990 995 sigillo
1012 945 1184 994 Capituli
1202 944 1324 982 nostri
1342 944 1449 982 Linc'
1470 944 1653 982 duximus

190 999 454 1037 muniendum.
489 999 580 1037 Hiis
591 1000 770 1037 Testibus
783 1000 828 1038 R.
845 1000 1002 1037 Decano
1015 999 1135 1046 Linc',
1151 999 1197 1036 R.
1215 999 1342 1045 Canc',
1359 998 1406 1036 R.
1422 998 1651 1045 subdecano,

190 1053 237 1092 R.
255 1052 374 1091 Leirc'
388 1055 426 1090 et
437 1053 474 1091 J.
491 1053 619 1092 Stowe
631 1053 919 1101 archidiaconis,
934 1052 978 1090 G.
996 1052 1253 1101 Scardeburg’,
1267 1053 1317 1090 H.
1333 1052 1380 1089 de
1396 1051 1433 1090 S.
1448 1052 1651 1099 Edwardo,

190 1106 237 1145 R.
259 1107 307 1144 de
327 1107 479 1154 Holmo,
512 1107 557 1144 R.
591 1107 639 1145 de
670 1107 833 1153 Grauel',
865 1107 912 1145 P.
943 1106 990 1144 de
1024 1106 1209 1155 Hungar’,
1239 1106 1281 1144 P.
1313 1106 1361 1143 de
1391 1105 1516 1153 Bath',
1538 1106 1581 1144 P.
1607 1106 1655 1143 de

191 1161 446 1207 Kevermunt,
467 1161 658 1198 canonicis
672 1161 792 1207 Linc’,
813 1164 851 1198 et
864 1160 997 1198 multis
1013 1160 1111 1197 aliis.
1165 1160 1256 1197 Dat'
1276 1172 1343 1210 per
1356 1172 1493 1197 manus
1520 1159 1584 1197 W.
1607 1160 1655 1197 de

190 1214 374 1252 Thornac'
394 1214 651 1252 archidiaconi
678 1215 786 1252 Linc'
805 1214 908 1264 apud
927 1213 1034 1252 Linc'
1055 1214 1144 1263 viij0
1171 1213 1246 1252 kal.
1268 1213 1379 1262 Junij
1408 1213 1655 1263 pontificatus

192 1268 314 1306 nostri
332 1280 433 1305 anno
453 1268 612 1306 decimo.

273 1373 541 1456 ggffssiiggc.
600 1416 765 1455 Noverit
779 1416 1008 1454 universitas
1022 1417 1150 1454 vestra
1165 1427 1235 1452 nos
1252 1415 1301 1453 (16
1315 1428 1502 1453 00116611611
1517 1415 1659 1465 Rogeri

193 1471 342 1509 Decani
378 1474 417 1509 et
453 1470 624 1520 Capituli
659 1471 782 1508 nostri
819 1470 926 1508 Linc'
964 1470 1097 1508 divine
1132 1469 1286 1519 pietatis
1321 1470 1470 1507 intuitu
1508 1470 1658 1507 dedisse

194 1525 422 1563 concessisse
450 1527 488 1562 et
514 1524 683 1574 presenti
722 1527 825 1561 carta
858 1524 1098 1561 confirmasse
1130 1523 1281 1560 dilectis
1313 1523 1356 1560 in
1385 1523 1539 1561 Christo
1567 1523 1658 1561 filiis

193 1579 342 1616 Abbati
362 1582 400 1616 et
419 1577 641 1617 Conventui
661 1578 699 1616 S.
721 1577 872 1615 Ebrulfi
891 1578 1087 1615 ecclesiam
1113 1576 1161 1614 de
1180 1576 1354 1614 Merston
1373 1589 1460 1614 cum
1479 1577 1659 1615 omnibus

194 1632 440 1683 pertinenciis
460 1633 539 1669 suis
558 1633 600 1669 in
618 1632 791 1681 proprios
814 1644 906 1669 usus
931 1631 1149 1669 habendam
1177 1633 1215 1667 et
1242 1631 1524 1680 imperpetuum
1543 1632 1659 1681 possi-

196 1686 372 1725 dendam.
431 1686 545 1725 Salva
571 1686 713 1724 vicaria
740 1686 783 1723 in
818 1685 950 1723 eadem
982 1685 1137 1722 ecclesia
1168 1697 1236 1734 per
1267 1697 1338 1722 nos
1366 1685 1557 1734 assignata
1584 1698 1659 1734 que

196 1740 373 1778 consistit
412 1740 453 1777 in
489 1739 670 1789 altaragio
708 1739 880 1788 ejusdem
918 1739 1073 1777 ecclesie
1112 1742 1149 1776 et
1187 1739 1417 1787 capellarum
1455 1739 1505 1776 ad
1536 1739 1660 1788 ipsam

196 1793 476 1843 pertinencium
508 1796 546 1831 et
581 1794 743 1831 minutis
776 1793 932 1831 decimis
968 1793 1086 1830 totius
1118 1792 1294 1842 parochie
1333 1796 1371 1830 et
1404 1796 1486 1830 tota
1514 1793 1661 1830 decima

196 1848 395 1898 garbarum
423 1848 471 1885 de
499 1846 829 1885 Wauerkeworth’
858 1847 907 1884 ad
934 1847 1119 1896 prefatam
1153 1847 1349 1883 ecclesiam
1388 1846 1435 1883 de
1473 1845 1660 1884 Merston'

196 1902 413 1952 pertinente
440 1904 480 1939 et
506 1914 584 1938 una
610 1902 757 1950 virgata
784 1904 881 1938 terre
909 1914 996 1938 cum
1023 1912 1155 1938 manso
1184 1913 1257 1949 que
1277 1900 1373 1938 Rob.
1397 1900 1444 1937 de
1463 1900 1660 1938 Alcinton'

196 1956 324 1993 tenuit
338 1958 377 1993 et
394 1956 437 1995 in
452 1955 609 1993 decimis
624 1955 825 2004 garbarum
840 1955 888 1992 de
902 1954 1133 1992 Middelton'
1150 1953 1199 1991 ad
1213 1953 1408 1991 ecclesiam
1424 1954 1471 1991 de
1485 1954 1661 1992 Merston

196 2008 480 2059 pertinentibus
499 2021 574 2058 que
602 2009 731 2046 omnia
758 2008 793 2045 ei
820 2009 889 2057 qui
921 2021 989 2057 pro
1021 2011 1192 2057 tempore
1224 2007 1390 2045 vicarius
1418 2008 1490 2045 erit
1517 2008 1560 2045 in
1578 2008 1662 2058 ipsa

198 2063 354 2101 ecclesia
374 2063 422 2100 de
440 2062 625 2100 Merston’
644 2062 898 2100 remanebunt
924 2061 1080 2099 nomine
1107 2064 1290 2111 perpetue
1308 2061 1448 2099 vicarie
1466 2061 1661 2099 reddendo

197 2117 290 2155 inde
310 2116 510 2154 annuatim
539 2116 652 2154 dictis
680 2116 878 2153 monachis
907 2115 954 2153 de
975 2116 1012 2154 S.
1035 2115 1199 2152 Ebrulfo
1226 2115 1368 2164 viginti
1396 2115 1537 2153 solidos
1557 2119 1595 2153 et
1614 2115 1662 2154 de

198 2170 476 2220 episcopalibus
491 2170 833 2208 consuetudinibus
846 2169 1122 2219 respondendo.
1154 2168 1197 2207 Si
1208 2172 1336 2206 autem
1349 2169 1545 2219 contingat
1559 2170 1662 2219 ipsos

199 2224 414 2262 Monachos
441 2224 545 2274 apud
573 2223 756 2261 Merston'
784 2224 827 2261 in
854 2223 1017 2273 propriis
1044 2223 1177 2261 usibus
1204 2223 1503 2261 instauramenta
1522 2223 1663 2261 habere

198 2278 275 2328 ipsi
302 2278 488 2316 Monachi
519 2291 542 2316 a
579 2278 815 2327 prestacione
843 2278 1076 2315 decimarum
1102 2276 1490 2315 instauramentorum
1508 2277 1663 2315 illorum

198 2335 311 2370 erunt
330 2332 532 2370 immunes.
591 2331 804 2369 Debebunt
822 2334 951 2369 autem
978 2331 1142 2381 predicti
1160 2330 1294 2368 Abbas
1313 2333 1351 2368 et
1372 2330 1596 2369 Conventus
1615 2331 1663 2369 de

200 2386 239 2425 S.
256 2386 419 2424 Ebrulfo
438 2385 553 2423 nobis
572 2389 610 2423 et
630 2386 908 2423 successoribus
927 2385 1068 2423 nostris
1084 2385 1133 2422 ad
1147 2385 1306 2422 eandem
1320 2385 1502 2423 vicariam
1516 2397 1663 2435 semper

200 2452 286 2477 cum
305 2439 498 2478 vacaverit
517 2439 757 2489 capellanum
775 2439 957 2477 idoneum
975 2441 1191 2488 presentare
1211 2451 1278 2488 per
1296 2451 1366 2476 nos
1381 2442 1419 2476 et
1433 2451 1663 2477 successores

199 2497 349 2532 nostros
368 2493 418 2531 ad
445 2506 575 2547 eorum
598 2494 924 2543 presentacionem
951 2493 1138 2531 vicarium
1165 2493 1208 2529 in
1235 2493 1318 2542 ipsa
1337 2492 1493 2530 ecclesia
1510 2493 1664 2530 institu-

200 2548 353 2586 endum.
411 2547 537 2586 Salvis
556 2548 675 2585 eciam
693 2548 736 2584 in
764 2547 942 2585 omnibus
971 2546 1037 2585 &c
1095 2546 1149 2584 Et
1167 2549 1211 2584 ut
1238 2546 1307 2584 hec
1333 2546 1572 2584 confirmacio
1592 2546 1659 2585 &c

199 2601 368 2651 presenti
387 2602 527 2651 scripto
546 2601 716 2650 sigillum
742 2604 917 2639 nostrum
943 2613 1021 2638 una
1049 2613 1136 2638 cum
1164 2600 1290 2649 sigillo
1309 2600 1472 2650 predicti
1491 2600 1664 2649 Capituli

199 2655 322 2692 nostri
339 2655 446 2693 Linc’
467 2655 650 2692 duximus
675 2655 957 2705 apponendum.
1020 2654 1106 2692 Hiis
1125 2654 1303 2692 Testibus
1325 2654 1473 2703 Rogero
1493 2654 1662 2701 Decano,

200 2708 247 2746 G.
270 2709 506 2756 Precentore,
527 2708 674 2757 Rogero
701 2709 828 2755 Canc’,
849 2709 896 2746 R.
918 2707 1148 2752 subdecano,
1168 2708 1196 2746 J
1199 2738 1206 2747 .
1228 2707 1492 2745 archidiacono
1512 2708 1662 2754 Bedef’,

200 2761 386 2812 Magistro
413 2762 479 2801 W.
501 2761 553 2799 ffl’
581 2762 764 2800 Fulconis
792 2765 830 2800 et
858 2762 942 2800 aliis
970 2765 1014 2799 ut
1041 2762 1084 2799 in
1112 2765 1214 2800 carta
1241 2762 1415 2812 proxima
1429 2762 1662 2811 precedenti,

201 2816 370 2865 exceptis
402 2816 448 2855 R.
484 2815 604 2854 Leirc'
636 2820 674 2854 et
705 2817 743 2854 J.
779 2816 909 2854 Stowe
941 2815 1227 2853 archidiaconis.
1285 2815 1376 2853 Dat'
1405 2828 1473 2865 per
1503 2828 1663 2853 manum

199 2869 405 2918 Reginaldi
423 2870 631 2907 subdecani
650 2870 756 2907 Linc’
776 2871 819 2907 in
839 2869 1019 2919 Capitulo
1034 2869 1142 2908 Linc'
1156 2869 1260 2919 apud
1279 2869 1386 2908 Linc’
1403 2872 1538 2919 quarto
1565 2869 1660 2907 Idus

199 2923 298 2973 Julij
318 2925 565 2973 pontificatus
583 2924 705 2962 nostri
723 2936 824 2962 anno
844 2924 1002 2962 decimo.
