1844 3178
275 353 328 394 56
804 362 942 396 LIBER
972 363 1207 404 ANTIQUUS

358 471 636 507 ΒΙΒΒΙΝΤΟΝ,
692 461 846 499 Vicaria
866 461 908 499 in
928 462 1084 500 66616616
1103 462 1151 500 (16
1169 461 1375 500 Dirrinton
1399 475 1473 511 que
1492 465 1549 500 est
1568 463 1735 512 priorum

275 521 314 556 et
353 520 614 556 conventuum
656 515 704 552 de
748 516 983 553 Hauerholm
1030 519 1068 554 et
1116 516 1320 555 Schelford
1365 517 1421 553 sic
1457 521 1514 554 est
1551 517 1735 555 ordinata.

273 572 452 610 Vicarius
471 569 643 609 ,habebit
676 581 724 606 ex
754 572 862 618 parte
883 569 930 607 de
959 570 1198 608 Hauerholm
1218 573 1256 608 et
1275 583 1324 607 ex
1342 573 1449 619 parte
1469 570 1516 607 (16
1537 570 1738 609 86116110111

273 629 400 664 totum
419 624 645 673 altaragium
663 625 789 672 preter
821 623 1065 661 medietatem
1099 624 1172 661 lini
1203 636 1252 661 ex
1282 628 1389 673 parte
1417 623 1465 662 de
1485 625 1733 663 Hauerholm.

273 680 376 718 Item
408 692 457 717 ex
489 681 596 728 parte
629 676 677 714 de
711 677 949 715 Hauerholm
982 690 1100 716 unam
1128 678 1309 715 bovatam
1335 681 1434 715 terre
1458 678 1613 716 arabilis
1632 681 1738 717 etex

273 737 381 783 parte
401 733 448 771 de
468 730 667 771 Schelford
687 743 808 768 unum
827 730 970 769 toftum
999 745 1086 769 cum
1114 732 1234 769 crofto
1253 731 1358 781 quod
1376 733 1543 781 pertinet
1562 733 1611 769 ad
1629 745 1737 770 suam

273 788 516 826 medietatem
551 786 652 823 dicte
685 785 850 823 ecclesie.
925 786 1038 834 Quod
1070 786 1215 823 toftum
1247 798 1335 823 cum
1368 786 1490 823 crofto
1528 786 1738 847 equipollet

272 841 411 880 bovate
429 845 527 879 terre
548 838 701 877 arabilis
720 838 808 877 date
827 851 877 877 ex
894 843 1001 889 parte
1030 840 1077 877 (16
1106 839 1355 877 Η611611101111.
1415 839 1497 877 Et'
1486 841 1561 889 1psi
1580 840 1738 889 quidem

272 896 417 946 priores
436 898 475 933 et
493 896 708 932 conventus
726 894 1065 943 proporcionaliter
1083 893 1342 943 procurabunt
1368 894 1585 943 hospicium
1603 894 1737 932 Archi-

273 950 425 987 diaconi
462 952 500 986 et
538 951 660 986 cetera
697 960 812 985 onera
847 950 927 985 tam
965 948 1155 985 ordinaria
1192 960 1308 1009 quam
1349 947 1650 986 extraordinaria
1693 948 1737 986 in

271 1007 500 1053 perpetuum
519 1001 776 1040 sustinebunt.
837 1002 889 1039 Et
908 1005 965 1039 est
986 1002 1125 1039 vicaria
1143 1002 1199 1051 iiij
1221 1014 1443 1039 marcarum.

354 1135 708 1171 BRASOEBfflGG,
763 1126 917 1163 Vicaria
948 1127 991 1163 in
1023 1126 1180 1164 66616616
1211 1126 1259 1163 (16
1292 1125 1539 1176 Brascebrigg
1571 1138 1646 1175 que
1679 1130 1736 1164 est

268 1182 405 1232 prioris
434 1185 472 1219 et
500 1185 713 1218 conventus
740 1180 943 1230 hospitalis
971 1180 1146 1218 Lincoln’
1166 1180 1342 1218 consistit
1369 1181 1412 1218 in
1439 1183 1522 1218 toto
1541 1180 1734 1231 altaragio,

269 1236 465 1274 reddendo
502 1234 703 1273 annuatim
754 1234 947 1272 canonicis
994 1234 1089 1272 dicti
1135 1234 1338 1284 hospitalis
1385 1237 1461 1272 tres
1507 1247 1651 1272 11161666
1697 1238 1735 1273 et

270 1290 499 1328 dimidiam:
552 1292 590 1327 et
636 1288 713 1338 ipsi
758 1288 861 1338 prior
897 1291 935 1326 et
973 1291 1186 1326 conventus
1222 1289 1483 1338 procurabunt
1520 1288 1736 1338 hospicium

268 1344 542 1382 Archidiaconi
561 1346 599 1381 et
618 1346 741 1381 cetera
760 1355 873 1380 onera
900 1345 980 1380 tam
1009 1342 1200 1380 ordinaria
1227 1355 1342 1392 quam
1363 1342 1664 1380 extraordinaria
1691 1343 1734 1380 in

267 1401 497 1449 perpetuum
534 1397 794 1435 sustinebunt.
864 1397 1036 1435 Habebit
1069 1400 1198 1434 autem
1229 1396 1393 1435 vicarius
1426 1396 1570 1434 toftum
1602 1409 1735 1434 versus

267 1453 492 1491 orientalem
512 1454 660 1502 partem
680 1451 834 1489 ecclesie
852 1450 1049 1501 pertinens
1078 1451 1127 1489 ad
1152 1450 1313 1489 eandem
1333 1450 1538 1490 ecclesiam.
1597 1450 1650 1488 Et
1676 1453 1734 1489 est

267 1507 408 1545 vicaria
426 1506 504 1544 fere
524 1506 563 1555 vj
585 1518 806 1543 marcarum.

347 1641 605 1676 οΑΝΕννΥκ,
665 1630 818 1668 Vicaria
836 1630 879 1667 in
898 1629 1055 1668 ecclesia
1082 1630 1130 1667 de
1158 1629 1337 1668 Canewic
1356 1641 1431 1678 que
1450 1632 1508 1667 est
1527 1629 1735 1667 eorundem

267 1686 443 1724 consistit
461 1686 503 1722 in
522 1688 604 1723 toto
624 1685 806 1734 altaragio
835 1687 873 1722 et
900 1685 943 1722 in
970 1697 1038 1722 sex
1057 1684 1153 1721 acris
1174 1686 1272 1721 terre
1292 1683 1444 1721 arabilis
1463 1684 1506 1721 in
1526 1683 1670 1733 campis
1689 1684 1737 1721 de

266 1739 491 1788 Brascebrig
509 1752 597 1777 611111
616 1738 783 1789 quodam
804 1739 903 1776 tofto
922 1738 1099 1788 proximo
1119 1738 1275 1776 ecclesie
1294 1738 1342 1775 de
1361 1738 1541 1777 Canewic
1561 1750 1610 1775 ex
1628 1741 1736 1787 parte

265 1794 480 1844 aquilonari
498 1797 537 1831 et
555 1794 598 1830 in
626 1793 793 1842 quodam
821 1792 896 1830 6110
924 1792 1022 1830 tofto
1050 1805 1183 1830 versus
1202 1794 1373 1830 austrum
1392 1792 1562 1841 predicte
1581 1792 1737 1830 ecclesie

266 1848 316 1886 6(1
334 1847 592 1897 curtillagium
614 1847 746 1885 vicarii
763 1846 994 1884 faciendum.
1053 1847 1104 1884 Et
1125 1849 1184 1884 est
1202 1847 1345 1884 vicaria
1362 1846 1419 1896 iiij
1440 1858 1662 1885 marcarum.

348 1982 562 2016 AUFORD.
619 1972 772 2010 Vicaria
790 1971 833 2008 in
854 1971 1011 2009 ecclesia
1029 1970 1077 2008 de
1106 1970 1257 2008 Auford
1276 1983 1351 2020 que
1370 1973 1427 2008 est
1446 1970 1654 2008 eorundem
1672 1983 1740 2019 per

270 2026 499 2076 Magistrum
519 2026 612 2076 Reg.
635 2027 683 2064 de
713 2026 832 2065 Cestr'
862 2029 955 2063 tunc
975 2024 1175 2063 officialem
1194 2024 1344 2062 domini
1361 2024 1544 2074 Episcopi
1563 2024 1738 2062 ordinata

270 2084 327 2118 est
346 2084 391 2118 ut
409 2080 574 2118 habetur
592 2080 792 2118 irrotulata
811 2092 942 2118 versus
960 2079 1077 2117 finem
1095 2079 1208 2117 istius
1227 2078 1582 2117 Archidiaconatus.

354 2214 531 2248 MAGNA
569 2214 808 2248 LUFFORD.
863 2204 1018 2243 Vicaria
1053 2204 1096 2241 in
1133 2203 1289 2242 66616616
1321 2203 1369 2241 (16
1397 2203 1541 2253 Magna
1577 2202 1739 2241 Lufford

270 2272 344 2309 que
373 2262 431 2297 est
458 2259 595 2308 prioris
623 2262 661 2296 et
690 2262 902 2296 conventus
940 2258 987 2296 de
1026 2258 1135 2297 Sixle
1172 2258 1348 2296 consistit
1374 2258 1417 2295 in
1444 2261 1527 2295 toto
1555 2257 1738 2306 altaragio

270 2316 398 2363 preter
430 2313 565 2360 linum,
600 2312 797 2350 reddendo
834 2313 1034 2350 annuatim
1067 2312 1180 2350 dictis
1209 2312 1328 2362 priori
1360 2314 1398 2349 et
1429 2311 1639 2349 conventui
1671 2324 1738 2349 sex

273 2380 433 2405 marcas:
447 2371 485 2405 et
496 2367 572 2416 ipsi
583 2368 686 2416 prior
697 2370 735 2405 et
747 2370 959 2405 conventus
971 2366 1231 2416 procurabunt
1243 2365 1455 2416 hospicium
1464 2365 1739 2403 Archidiaconi

273 2425 311 2459 et
339 2424 463 2459 cetera
491 2434 605 2459 onera
633 2425 712 2459 tam
741 2421 933 2459 ordinaria
969 2433 1085 2471 quam
1113 2420 1413 2458 extraordinaria
1439 2420 1482 2457 in
1509 2423 1738 2470 perpetuum

273 2475 523 2513 sustinebunt
551 2479 589 2513 et
616 2475 877 2525 providebunt
909 2475 1051 2514 vicario
1080 2474 1129 2513 de
1155 2474 1254 2513 tofto
1282 2473 1525 2524 competenti.
1601 2473 1654 2511 Et
1681 2476 1739 2512 est

272 2529 415 2568 vicaria
433 2542 501 2567 sex
519 2542 740 2568 marcarum,

356 2664 499 2698 51ΧΙ,Ε
537 2652 744 2707 [Similis]
776 2654 931 2692 Vicaria
945 2655 987 2692 in
1002 2654 1158 2692 ecclesia
1172 2653 1220 2691 de
1236 2653 1344 2692 Sixle
1362 2665 1437 2703 que
1456 2655 1514 2691 est
1533 2652 1739 2691 eorundem

276 2709 452 2746 consistit
470 2709 512 2746 in
530 2712 614 2747 toto
633 2709 814 2758 altaragio
842 2711 968 2759 preter
985 2708 1135 2746 linum:
1163 2710 1201 2745 et
1228 2708 1304 2758 ipsi
1331 2708 1434 2757 prior
1461 2710 1499 2745 et
1527 2709 1739 2745 conventus

273 2763 535 2812 procurabunt
563 2763 779 2813 hospicium
806 2762 1081 2801 Archidiaconi
1109 2765 1147 2799 et
1175 2764 1298 2799 cetera
1317 2774 1432 2799 onera
1449 2763 1529 2799 tam
1549 2760 1741 2798 ordinaria

274 2829 390 2866 quam
427 2817 728 2855 extraordinaria
772 2817 1020 2855 sustinebunt
1061 2816 1103 2854 in
1140 2819 1369 2865 perpetuum
1406 2819 1444 2853 et
1480 2814 1741 2865 providebunt

274 2871 415 2909 vicario
435 2871 483 2909 de
502 2871 609 2909 tofto.
669 2872 721 2909 Et
740 2875 798 2909 est
816 2871 958 2909 vicaria
975 2871 1032 2920 iiij
1055 2883 1275 2908 marcarum.
