1844 3178
231 356 284 395 14
465 393 468 396 ⁴
747 362 886 396 LIBER
914 362 1149 404 ANTIQUUS

308 470 593 506 WESTBURG.
628 460 784 501 Vicaria
801 461 845 499 in
863 460 1020 500 ecclesia
1041 460 1090 500 de
1106 459 1303 510 Westbyr’
1321 472 1397 510 que
1423 463 1482 499 est
1499 460 1693 500 abbatisse

228 521 267 557 et
285 517 512 556 monialium
530 517 578 555 de
595 516 815 555 Elnestowa
832 516 1057 554 auctoritate
1075 515 1228 554 concilii
1255 514 1430 553 ordinata
1454 515 1630 554 consistit
1651 516 1695 554 in

227 575 311 612 toto
331 572 511 621 altaragio
534 583 622 609 cum
648 581 781 608 manso
810 572 1049 620 competente
1072 569 1197 607 eidem
1224 569 1363 607 vicarie
1382 569 1572 619 assignato
1592 572 1630 607 et
1650 569 1694 607 in

228 626 435 665 medietate
452 629 550 663 terre
568 623 797 674 pertinentis
815 624 866 662 ad
883 623 1078 662 ecclesiam
1105 626 1144 661 et
1171 622 1295 661 solvet
1321 623 1486 661 vicarius
1503 623 1695 662 sinodalia

227 683 383 719 tantum
411 678 595 718 moniales
623 690 714 717 vero
747 678 877 716 omnia
908 677 983 716 alia
1015 690 1129 716 onera
1159 676 1265 715 illius
1298 676 1453 715 ecclesie
1484 677 1617 716 debita
1655 680 1693 716 et

229 737 411 773 consueta
428 732 686 772 sustinebunt.

308 846 631 882 THORNBURN.
668 838 823 878 Vicaria
839 838 882 877 in
909 838 1068 877 ecclesia
1094 838 1142 876 de
1163 837 1369 887 Tornebyr'
1388 850 1463 888 que
1481 840 1541 876 est
1557 837 1694 888 prioris

230 897 269 934 et
286 894 560 933 monachorum
578 893 626 931 de
644 893 799 931 Lnffeld
825 892 1024 931 exdudum
1051 892 1226 931 ordinata
1252 891 1428 930 consistit
1454 892 1498 930 in
1516 892 1695 930 omnibus

230 947 533 987 obvencionibus
560 947 691 986 altaris
722 950 762 986 et
788 947 950 985 minutis
977 946 1136 985 decimis
1169 958 1257 984 cum
1283 945 1495 996 messuagio
1515 948 1552 984 et
1571 946 1692 984 crofto

229 1003 354 1042 eidem
371 1002 585 1052 assignatis.

311 1117 608 1153 ull—DESDON,
645 1108 798 1146 Vicaria
815 1108 858 1146 in
876 1107 1034 1146 00010513
1061 1107 1108 1146 de
1136 1106 1355 1146 Hildesdon
1373 1119 1448 1157 que
1466 1108 1524 1146 est
1541 1107 1693 1146 abbatis

228 1166 267 1203 et
285 1166 499 1202 conventus
518 1162 566 1200 de
585 1161 775 1213 Noteleya
796 1159 956 1214 [blank]

306 1276 779 1311 8ΤΕΡΕΙ.ΟΙ.ΑΕΝΟΟΝ.
816 1269 971 1308 Vicaria
988 1269 1031 1307 in
1049 1268 1205 1307 ccclesia
1219 1268 1267 1307 de
1282 1268 1603 1318 Stepelclaendon
1618 1281 1694 1318 que

227 1327 285 1362 est
320 1324 487 1362 Abbatis
524 1327 563 1361 et
595 1323 823 1363 Conventus
859 1324 908 1362 de
943 1322 1036 1362 Osn'
1064 1323 1289 1361 auctoritate
1326 1323 1479 1361 concilii
1517 1322 1693 1361 ordinata

227 1378 403 1417 consistit
430 1390 498 1427 per
525 1377 654 1416 omnia
680 1380 726 1415 ut
754 1390 869 1429 supra
886 1377 1212 1417 Archidiaconatu
1235 1376 1371 1416 Oxon'.
1430 1377 1481 1415 In
1500 1377 1691 1427 principio

230 1433 271 1470 in
289 1432 531 1471 ordinatione
549 1432 727 1481 yenerali.

308 1546 572 1581 ννΟΤΓΗΟΝ.
610 1539 764 1578 Vinaria
782 1539 824 1577 in
848 1539 1005 1578 ecclesia
1032 1538 1080 1578 de
1098 1538 1292 1578 Wotthon
1311 1551 1387 1589 que
1413 1541 1471 1578 est
1497 1537 1635 1589 prioris
1655 1541 1694 1577 et

229 1594 498 1633 canonicorum
516 1593 564 1632 de
582 1593 792 1644 Beuerleya
814 1591 973 1648 [blank]

310 1707 651 1742 ννΙΒΜΕΝΗΑΙ-Ε.
688 1701 843 1740 Vicaria
874 1701 917 1739 in
953 1701 1110 1740 00010513
1146 1701 1195 1739 de
1233 1700 1486 1740 Wirmenhal'
1525 1713 1600 1751 que
1636 1704 1695 1740 est

229 1756 367 1806 prioris
380 1759 418 1794 et
430 1756 655 1796 Conventus
667 1755 705 1795 S.
721 1755 956 1794 Frideswide
976 1755 1101 1795 Oxon'
1113 1755 1337 1794 auctoritate
1352 1755 1505 1793 concilii
1519 1755 1696 1794 ordinata

230 1810 406 1848 consistit
423 1810 466 1847 in
484 1822 617 1848 manso
638 1812 877 1860 competente
905 1813 944 1848 et
970 1810 1013 1848 in
1040 1813 1122 1848 toto
1144 1810 1324 1859 altaragio
1345 1809 1514 1859 exceptis
1533 1809 1695 1848 minutis

231 1864 388 1902 decimis
408 1864 456 1901 de
474 1866 574 1902 terra
592 1864 728 1925 prioris
747 1867 786 1901 et
803 1863 846 1901 in
866 1864 1097 1902 omnimodis
1116 1863 1273 1902 decimis
1292 1863 1408 1901 unius
1426 1863 1518 1901 hide
1536 1866 1634 1901 terre
1652 1864 1695 1901 in

229 1918 325 1956 villa
343 1918 391 1955 de
409 1917 582 1965 Thomel,
602 1919 719 1955 unius
747 1918 903 1955 alterius
930 1930 1005 1968 que
1032 1918 1109 1957 fuit
1135 1918 1410 1955 monachorum
1429 1918 1477 1955 de
1498 1917 1695 1956 Stamford

229 1972 299 2010 ubi
316 1972 481 2022 predicti
500 1972 674 2010 canonici
692 1974 827 2010 tenent
854 1984 972 2010 unam
997 1973 1194 2022 virgatam,
1218 1970 1374 2010 Godefr'
1393 1971 1465 2009 bic'
1521 2002 1530 2010 .
1668 1972 1694 1995 ᾗ

229 2039 359 2073 unam,
389 2026 577 2064 Ricardus
610 2025 765 2066 Colewi'
793 2038 922 2073 unam,
953 2026 1190 2065 Williclmus
1228 2026 1329 2064 Oliv’
1358 2038 1499 2064 unam:
1534 2025 1695 2064 habebit

229 2083 359 2118 autem
376 2080 542 2119 vicarius
569 2083 734 2130 quatuor
764 2092 898 2118 vaccas
932 2083 971 2118 et
1003 2080 1152 2129 xxiiijo
1172 2092 1262 2118 oves
1289 2080 1332 2118 in
1359 2082 1515 2129 pastura
1543 2080 1695 2117 canoni-

230 2146 372 2182 corum,
406 2134 474 2184 qui
506 2135 635 2173 omnia
667 2146 781 2172 onera
811 2137 938 2184 preter
969 2134 1157 2172 sinodalia
1188 2133 1446 2173 sustinebunt.
1503 2133 1556 2172 Et
1589 2133 1694 2172 valet

229 2188 371 2227 vicaria
389 2201 414 2227 v
433 2187 556 2228 marc’.

709 2240 727 2258 ὓ
744 2240 771 2266 A
782 2240 848 2267 flaw
858 2240 889 2266 in
900 2239 950 2267 the
960 2239 1130 2273 parchment
1140 2240 1216 2267 here.

312 2367 595 2403 HOGESHAG.
631 2361 787 2400 Vicaria
813 2361 856 2399 in
883 2361 1040 2400 ecclesia
1066 2361 1115 2400 de
1137 2360 1343 2413 Hogeshag
1369 2373 1444 2411 que
1471 2363 1530 2401 est
1556 2360 1692 2412 prioris

230 2417 268 2454 et
286 2415 449 2454 fratrum
466 2415 668 2467 hospitalis
685 2415 713 2454 J
715 2415 907 2454 erusalem’
928 2413 1088 2468 [blank]

310 2546 664 2581 WlNCHENDON.
701 2540 856 2579 Vicaria
885 2540 929 2578 in
961 2540 1117 2578 ecclesia
1146 2539 1194 2577 de
1223 2539 1500 2578 Winchendon
1531 2553 1607 2591 que
1637 2543 1694 2579 est

230 2593 366 2644 prioris
399 2597 438 2631 et
468 2593 750 2632 Canonicorum
784 2594 822 2634 S.
858 2594 1093 2633 Frideswide
1127 2593 1252 2632 Oxon'
1284 2594 1511 2633 auctoritate
1542 2595 1695 2632 concilii

232 2648 407 2686 ordinata
434 2648 610 2685 consistit
636 2648 679 2686 in
705 2652 788 2687 toto
817 2648 998 2698 altaragio
1023 2648 1129 2686 illius
1157 2647 1312 2686 ecclesie
1340 2648 1511 2698 exceptis
1532 2649 1695 2686 minutis

230 2701 389 2740 decimis
407 2701 456 2739 de
475 2702 577 2740 curia
595 2702 731 2751 prioris
758 2705 797 2741 et
823 2703 867 2740 in
894 2702 1051 2740 decimis
1077 2701 1280 2752 garbarum
1307 2702 1467 2740 dimidie
1485 2702 1578 2740 hide
1597 2705 1695 2740 terre

231 2768 347 2805 quam
375 2755 568 2794 Robertus
594 2756 646 2793 fil'
676 2756 852 2795 Gcrvasii
883 2758 990 2794 tenet
1022 2768 1109 2794 cum
1142 2755 1299 2794 decimis
1327 2756 1529 2806 garbarum
1557 2759 1595 2794 et
1613 2756 1696 2794 feni

233 2809 394 2847 dimidie
420 2810 567 2860 virgate
594 2813 692 2849 terre
720 2823 836 2861 quam
855 2810 1051 2849 Walterus
1070 2809 1264 2848 Tresboen
1291 2813 1398 2849 tenet
1426 2813 1465 2848 et
1491 2810 1535 2848 in
1561 2822 1695 2848 manso

232 2865 482 2913 competente.
