1844 3178
273 337 327 377 44
787 345 925 379 LIBER
987 346 1190 387 NTIQUUS

348 455 563 490 τΕΠΕΝ’,
613 443 803 497 [Τεέηεγ.]
860 444 1015 483 Vicaria
1044 445 1087 483 in
1119 444 1276 483 ecclesia
1302 443 1350 483 de
1386 444 1535 483 Tetten'
1568 458 1643 495 que
1674 449 1732 484 est

269 501 477 539 eorundem
496 498 672 537 consistit
689 499 733 536 in
751 501 833 536 toto
852 498 1034 549 altar-agio
1054 502 1213 548 excepta
1231 498 1319 536 lana
1333 501 1371 536 et
1384 498 1428 536 in
1439 505 1603 549 apportu
1619 500 1731 549 panis

268 557 307 592 et
326 554 483 593 cervisie
502 553 551 591 ad
569 552 686 590 altare
701 552 1014 602 proveniencium
1029 565 1116 590 cum
1129 552 1228 590 tofto
1243 553 1476 602 competenti
1493 566 1561 602 per
1579 553 1731 591 eosdem

269 609 447 646 abbatem
466 610 505 645 et
519 609 754 645 conventum
772 606 999 657 assignando
1014 607 1155 645 vicario
1170 609 1208 644 et
1222 609 1316 644 tunc
1334 606 1480 645 valebit
1493 607 1577 657 ipsa
1591 607 1732 645 vicaria

268 663 440 712 quinque
457 660 571 699 marc'
590 663 628 698 et
655 660 821 698 vicarius
849 660 973 699 solvet
991 660 1260 698 tantummodo
1279 660 1476 710 synodalia
1498 663 1536 698 et
1554 660 1673 699 abbas
1692 663 1731 698 et

267 719 481 755 conventus
499 713 760 764 procurabunt
779 714 995 764 hospicium
1021 714 1280 752 archidiaconi
1307 717 1346 752 et
1375 714 1449 752 alia
1468 727 1581 753 onera
1600 714 1731 753 omnia

266 772 347 808 tam
367 769 558 808 ordinaria
576 780 692 818 quam
711 768 1013 806 extraordinaria
1040 768 1299 806 sustinebunt.

346 886 523 920 νΡΤυΝ.
563 873 742 928 [Upton]
798 875 953 914 Vicaria
998 875 1040 912 in
1087 875 1244 914 ecclesia
1281 875 1330 913 de
1374 876 1515 925 thun
1560 888 1635 925 que
1674 878 1731 914 est

266 930 493 969 monialium
530 929 577 967 de
618 929 825 980 Hagening
861 929 1038 968 consistit
1075 930 1158 978 &c.,
1196 932 1242 968 ut
1277 929 1500 968 irrotulatur
1533 929 1577 968 in
1612 930 1733 968 archi-

266 985 472 1024 diaconatu
492 983 620 1022 Stow'.

348 1100 640 1135 CUKEWALD.
679 1088 909 1143 [Guxwold]
965 1090 1120 1129 Vicaria
1155 1091 1199 1129 in
1239 1090 1396 1129 ecclesia
1432 1090 1480 1129 de
1518 1090 1732 1130 Cukewald.

265 1159 340 1196 que
368 1148 427 1183 est
460 1144 692 1182 Monialium
712 1145 760 1182 de
779 1144 935 1183 Cotun*
965 1145 1140 1183 consistit
1166 1145 1209 1183 in
1237 1147 1318 1183 toto
1355 1145 1535 1195 altaragio
1572 1148 1731 1195 excepto

265 1201 347 1239 lino
376 1202 414 1237 et
441 1199 517 1248 ipsi
543 1199 722 1248 magister
750 1201 788 1236 et
815 1201 1028 1237 conventus
1055 1199 1317 1249 providebunt
1343 1199 1486 1237 vicario
1509 1199 1557 1237 de
1575 1200 1673 1238 tofto
1693 1203 1731 1238 et

265 1253 526 1305 procurabunt
561 1252 780 1303 hospicium
826 1253 1100 1291 Archidiaconi
1138 1256 1177 1291 et
1214 1253 1343 1291 omnia
1387 1252 1463 1291 alia
1502 1266 1616 1291 onera
1651 1256 1731 1292 tam

267 1307 458 1347 ordinaria
494 1319 610 1356 quam
648 1306 948 1345 extraordinaria
984 1307 1233 1346 sustinebunt
1269 1309 1396 1357 preter
1431 1307 1620 1346 sinodalia
1657 1320 1732 1358 que

266 1361 535 1401 tantummodo
555 1360 680 1414 solvet
698 1361 864 1400 vicarius
882 1361 1093 1400 annuatim.

355 1479 500 1514 Βυῃε,
557 1469 713 1508 Vicaria
730 1469 774 1507 in
792 1468 949 1507 ecclesia
967 1469 1015 1508 de
1039 1468 1145 1520 Burg
1163 1481 1237 1519 que
1256 1471 1314 1507 est
1332 1469 1538 1507 earundem
1556 1469 1733 1508 consistit

267 1525 309 1562 in
328 1527 411 1562 toto
431 1524 613 1573 altaragio
633 1526 793 1573 excepta
811 1523 958 1561 decima
992 1536 1177 1573 agnorum
1210 1526 1248 1561 et
1267 1523 1354 1561 lane
1381 1527 1420 1561 et
1447 1524 1523 1573 ipsi
1553 1523 1733 1574 magister

267 1582 305 1617 et
325 1581 536 1616 conventus
554 1577 816 1628 providebunt
835 1578 977 1615 vicario
997 1578 1045 1615 de
1063 1577 1162 1615 tosto
1178 1580 1215 1616 et
1234 1577 1496 1627 procurabunt
1515 1577 1732 1628 hospicium

266 1632 524 1671 archidiaconi
544 1635 583 1670 et
602 1631 730 1670 omnia
749 1631 824 1669 alia
852 1644 966 1670 onera
989 1634 1070 1670 tam
1089 1631 1280 1670 ordinaria
1299 1644 1415 1681 quam
1433 1632 1735 1670 extraordinaria

267 1686 517 1725 sustinebunt
535 1689 661 1736 preter
681 1685 883 1736 synodalia
910 1698 985 1736 que
1006 1686 1172 1725 vicarius
1190 1686 1458 1724 tantummodo
1477 1686 1601 1725 solvet
1619 1689 1658 1725 et
1677 1689 1735 1725 est

265 1741 407 1780 vicaria
425 1741 624 1791 sexaginta
637 1740 857 1778 solidorum.

350 1857 606 1893 οΒοχΤοΝ,
643 1847 798 1886 Vicaria
825 1847 869 1885 in
895 1847 1052 1887 ecclesia
1079 1848 1127 1886 de
1154 1847 1327 1887 Croxton
1346 1848 1456 1898 cujus
1473 1847 1659 1887 medietas
1677 1851 1735 1887 est

268 1903 457 1941 dictarum
475 1901 702 1940 monialium
723 1899 884 1954 [blank]

350 2020 552 2054 KELEBY.
591 2007 780 2062 [Keezby.]
837 2009 991 2048 Vicaria
1035 2010 1078 2048 in
1124 2009 1281 2048 ecclesia
1326 2010 1374 2048 de
1424 2010 1579 2059 Keleby
1624 2009 1733 2059 cujus

266 2064 451 2103 medietas
479 2067 537 2102 est
563 2063 754 2102 dictarum
780 2064 1007 2103 monialium
1035 2062 1194 2117 [blank]

348 2181 552 2216 BYKERE.
592 2169 778 2225 [Biclcer]
835 2170 990 2210 Vicaria
1025 2172 1069 2210 in
1105 2172 1263 2210 ecclesia
1299 2171 1348 2210 de
1389 2171 1530 2210 Bikere
1564 2184 1639 2221 que
1676 2173 1734 2209 est

266 2227 402 2277 prioris
422 2229 460 2265 et
479 2229 692 2265 conventus
711 2226 759 2264 de
787 2226 943 2265 Buttele
971 2226 1148 2264 consistit
1174 2227 1217 2264 in
1235 2228 1318 2264 toto
1337 2226 1518 2276 altaragio
1537 2225 1733 2264 reddendo

267 2281 359 2319 inde
377 2281 579 2318 annuatim
599 2281 695 2319 duos
715 2280 857 2319 solidos
884 2280 1066 2330 predictis
1090 2281 1208 2330 priori
1226 2283 1264 2318 et
1283 2280 1493 2318 conventui
1511 2280 1558 2318 de
1577 2279 1734 2317 Buttele

268 2339 307 2373 et
324 2335 401 2385 ipsi
419 2335 523 2384 prior
541 2337 579 2372 et
595 2337 807 2374 conventus
822 2334 1082 2385 providebunt
1099 2334 1242 2373 vicario
1261 2347 1439 2372 mansum
1453 2336 1733 2384 competentem

267 2392 305 2427 et
324 2389 584 2439 procurabunt
617 2389 834 2438 hospicium
869 2388 1144 2427 Archidiaconi
1175 2391 1215 2426 et
1241 2388 1489 2426 sustinebunt
1511 2388 1639 2426 omnia
1658 2387 1733 2425 alia

267 2456 381 2482 onera
417 2445 497 2481 tam
535 2442 725 2481 ordinaria
764 2455 880 2493 quam
916 2442 1216 2481 extraordinaria
1257 2444 1383 2492 preter
1420 2442 1621 2492 synodalia
1657 2454 1732 2491 que

266 2496 536 2535 tantummodo
572 2497 737 2536 vicarius
774 2497 899 2536 solvet
934 2497 1146 2535 annuatim.
1216 2496 1270 2534 Et
1306 2499 1364 2534 est
1400 2496 1541 2535 vicaria
1576 2498 1732 2534 centum

266 2551 485 2590 solidorum.

347 2668 573 2703 YM1NGEH
578 2668 664 2702 ΑΜ,
689 2656 996 2711 [Imminqham]
1024 2657 1178 2696 Vicaria
1189 2658 1231 2698 in
1247 2657 1404 2696 ecclesia
1416 2657 1464 2697 de
1474 2656 1734 2707 Ymingeham

271 2726 345 2763 que
365 2717 422 2751 est
441 2714 617 2763 priorisse
633 2716 671 2751 et
687 2715 900 2751 conventus
919 2713 967 2751 de
984 2712 1184 2762 Appelton
1202 2712 1377 2751 consistit
1390 2713 1433 2750 in
1451 2715 1533 2750 toto
1552 2711 1733 2761 altaragio

270 2768 439 2818 exceptis
458 2767 583 2805 tribus
602 2767 776 2817 partibus
805 2767 952 2805 decime
978 2766 1065 2805 lane
1092 2767 1187 2816 ipsis
1205 2766 1438 2804 monialibus
1457 2766 1504 2804 de
1522 2765 1730 2815 Appelton.

269 2821 448 2861 Vicarius
469 2824 597 2860 autem
615 2820 775 2860 habebit
803 2821 948 2859 toftum
973 2821 1077 2870 quod
1095 2824 1253 2859 vocatur
1273 2818 1349 2873 [fo.
1378 2819 1461 2873 142]
1480 2819 1735 2858 P'sonescroft

694 2928 709 2946 ’ἕ
727 2927 796 2953 Nun
809 2927 931 2954 Cotham
942 2927 973 2953 in
987 2927 1036 2953 the
1048 2927 1143 2960 parish
1154 2926 1184 2953 of
1195 2927 1312 2960 Keelby.
