1844 3178
677 302 881 336 Hueoms
912 301 1076 335 WELLs.
1103 325 1106 329 .
1557 287 1609 328 31

626 530 1144 625 ἕίοῑῒὴητηῃῒοηῖ

785 656 868 710 [Εο.
894 656 989 710 102]

244 754 380 787 ΒΕΑΤΙ
400 754 651 788 ὐΟΗΑΝΝΙΒ
673 752 808 786 ΒΑΡΤ.
828 751 963 784 APUD
989 750 1199 784 BURGUM
1224 750 1263 783 S.
1287 749 1432 784 ΡΕΤΒΙ.
1470 743 1623 781 Vioaria

162 802 204 839 in
216 801 371 838 ecclesia
390 801 500 838 Beati
519 800 546 838 J
550 800 711 838 ohannis
730 799 903 848 Baptiste
918 798 1021 847 apud
1036 798 1206 846 Burgum
1229 797 1339 834 Beati
1353 797 1460 834 Petri
1475 810 1549 846 que
1565 800 1622 835 est

163 855 435 892 monachorum
463 854 607 892 ibidem
630 854 853 891 auctoritate
881 851 1032 889 concilii
1052 851 1226 888 ordinata
1245 850 1419 888 consistit
1437 851 1479 888 in
1507 852 1623 889 tercia

164 912 270 959 parte
289 908 520 946 deeimarum
536 908 622 945 lane
637 907 709 944 lini
727 918 911 956 agnorum
929 905 1181 954 porcellorum
1199 904 1392 954 pullorum
1412 905 1623 942 vitulorum

165 975 343 1000 aucarum
355 965 393 1000 et
404 962 520 1000 tercia
534 964 639 1011 parte
652 961 825 998 omnium
837 959 1080 997 candelarum
1092 958 1303 996 oblatarum
1317 961 1354 996 et
1366 958 1408 996 in
1421 958 1625 996 medietate

167 1017 338 1054 omnium
354 1016 594 1053 denariorum
607 1014 819 1052 missalium
834 1016 959 1062 preter
978 1025 1093 1062 quam
1108 1012 1212 1061 apud
1230 1012 1358 1061 Thorp
1378 1013 1446 1050 ubi
1461 1013 1626 1050 vicarius

167 1070 329 1120 percipit
348 1082 478 1107 omnes
498 1069 671 1106 denarios
698 1068 868 1105 missales
887 1070 925 1104 et
944 1067 985 1104 in
1013 1066 1130 1103 tercia
1148 1069 1254 1116 parte
1274 1066 1446 1104 omnium
1465 1067 1626 1104 aliarum

169 1124 412 1161 oblacionum
425 1126 584 1172 excepto
599 1135 697 1172 pane
712 1134 799 1159 cum
811 1121 1055 1170 campanagio
1071 1123 1108 1157 et
1124 1120 1270 1157 decima
1281 1120 1391 1157 lactis
1405 1123 1443 1158 et
1458 1123 1627 1158 ortorum

168 1190 242 1227 que
260 1178 423 1215 vicarius
442 1177 613 1214 totaliter
626 1176 809 1226 percipiet
821 1175 991 1224 exceptis
1006 1174 1123 1211 eciam
1138 1176 1220 1211 toto
1236 1174 1385 1224 cyragio
1399 1178 1436 1211 et
1449 1175 1629 1212 omnibus

169 1231 431 1269 oblacionibus
443 1243 531 1268 cum
542 1243 694 1279 corpore
705 1229 872 1278 presenti
883 1228 1198 1278 provenientibus
1211 1231 1248 1265 et
1260 1228 1383 1277 primo
1397 1231 1628 1266 testamento

170 1298 243 1334 que
258 1286 413 1322 sacrista
427 1284 600 1334 percipit.
641 1284 770 1321 Habet
789 1283 907 1320 eciam
922 1282 1086 1320 vicarius
1101 1294 1277 1319 mansum
1292 1285 1572 1331 competentem
1591 1285 1630 1320 et

171 1339 267 1388 xxiij
285 1351 386 1376 acras
401 1342 498 1376 terre
513 1337 665 1375 arabilis
680 1340 718 1374 et
733 1336 941 1374 corredium
960 1335 1138 1373 monachi
1153 1335 1202 1373 ad
1216 1348 1388 1373 mensam
1403 1336 1553 1373 abbatis
1567 1336 1631 1374 vel

172 1392 222 1430 ad
236 1393 393 1430 domum
411 1405 518 1430 suam
534 1391 780 1429 deferendum
796 1403 883 1428 cum
900 1389 1075 1427 voluerit.
1133 1389 1250 1426 Valet
1268 1393 1395 1426 autem
1414 1390 1530 1427 tercia
1545 1403 1632 1439 pars

172 1447 317 1484 decime
343 1446 431 1484 lane
458 1446 558 1494 viijs.
589 1445 661 1482 lini
679 1444 815 1493 xviijd.
839 1456 1023 1494 agnorum
1049 1456 1103 1481 vs.
1126 1443 1377 1491 porcellorum
1396 1446 1434 1481 et
1453 1456 1632 1482 aucarum

172 1501 244 1549 iijs.
262 1500 472 1538 vitulorum
491 1504 529 1537 et
548 1499 742 1548 pullorum
760 1511 815 1535 vs.
833 1501 870 1535 et
889 1497 1005 1534 tercia
1024 1509 1110 1545 pars
1130 1496 1362 1534 decimarum
1381 1500 1632 1536 mercatorum

173 1558 211 1592 et
225 1554 467 1591 oblacionum
485 1554 528 1590 in
547 1553 688 1602 quibus
707 1552 861 1589 sacrista
888 1563 968 1588 non
996 1550 1200 1600 participat
1219 1563 1285 1599 per
1305 1563 1450 1588 annum
1470 1555 1633 1600 quatuor

173 1609 295 1646 marc’.
355 1607 456 1645 Sunt
483 1610 652 1656 preterea
683 1605 848 1655 quedam
880 1605 923 1642 in
954 1604 1096 1654 quibus
1128 1604 1283 1641 sacrista
1318 1617 1398 1641 non
1430 1606 1634 1655 participat

175 1661 354 1700 videlicet
373 1661 589 1699 oblaciones
608 1672 739 1697 omnes
758 1659 806 1697 de
827 1658 865 1698 S.
888 1658 1047 1696 Botulfo
1067 1671 1141 1707 que
1160 1657 1292 1696 valent
1310 1658 1325 1696 i
1343 1658 1468 1706 marc’,
1488 1659 1635 1697 denarii

175 1715 456 1753 confessionum
482 1714 686 1763 utrobique
714 1725 877 1763 quorum
914 1725 1063 1750 summa
1090 1715 1147 1749 est
1174 1712 1301 1761 xxijs.‚
1341 1712 1488 1751 decima
1525 1713 1636 1751 lactis

174 1782 299 1817 xxxa,
331 1769 478 1806 denarii
510 1768 713 1806 dominicis
740 1767 876 1805 diebus
905 1769 943 1804 et
972 1765 1127 1804 candele
1154 1765 1198 1804 in
1224 1766 1322 1804 festo
1355 1767 1636 1816 purificacionis

175 1827 213 1861 et
233 1823 274 1860 in
293 1823 378 1861 aliis
397 1822 585 1873 purificac'
605 1835 673 1871 per
692 1834 837 1859 annum
861 1833 918 1858 xs.
977 1819 1203 1858 Corredium
1231 1820 1280 1858 ad
1297 1833 1469 1858 mensam
1487 1821 1637 1859 abbatis

175 1877 280 1915 valet
294 1877 410 1926 xiiijs.
467 1877 520 1914 Et
533 1876 637 1915 valet
651 1875 791 1914 vicaria
810 1873 1021 1913 secundum
1041 1874 1326 1912 estimacionem
1341 1875 1637 1925 suprascriptam

177 1932 346 1981 exceptis
366 1931 530 1969 denariis
549 1929 766 1967 missalibus
785 1927 864 1978 lei.
886 1932 924 1966 et
943 1928 1081 1977 xviijd.

259 2061 525 2095 WRH’HORP.
562 2053 716 2091 Vinaria
733 2053 776 2090 in
794 2051 950 2090 ecclesia
964 2052 1013 2089 de
1026 2051 1229 2102 Writhorp
1249 2065 1323 2102 que
1343 2056 1401 2091 est
1415 2054 1640 2092 monialium

178 2108 323 2146 ibidem
343 2108 567 2145 auctoritate
586 2107 738 2145 concilii
757 2106 932 2145 ordinata
953 2103 1130 2158 [blank]

262 2238 535 2272 MAKESEYE.
574 2231 727 2269 Vicaria
737 2232 779 2268 in
786 2230 941 2269 ecclesia
948 2230 994 2268 de
1000 2229 1208 2280 Makeseye
1219 2242 1294 2280 que
1300 2234 1357 2269 est
1368 2233 1641 2271 monachorum

182 2286 229 2324 de
261 2286 387 2335 Burgo
417 2285 615 2323 exdudum
648 2285 822 2323 ordinata
853 2284 1029 2322 consistit
1060 2285 1104 2321 in
1132 2285 1311 2323 omnibus
1340 2285 1642 2325 obvencionibus

183 2341 311 2378 altaris
326 2343 364 2377 et
379 2340 539 2376 minutis
554 2339 711 2377 decimis
725 2339 926 2389 garbarum
945 2338 1044 2376 dela
1060 2338 1192 2376 Haum
1207 2342 1245 2377 et
1259 2340 1465 2378 sustinebit
1479 2341 1644 2379 vicarius

184 2394 312 2432 omnia
330 2406 443 2431 onera
460 2393 565 2431 illius
585 2393 739 2431 ecclesie
758 2393 888 2431 debita
907 2395 945 2430 et
964 2396 1154 2430 consueta.

267 2523 615 2557 FFODRlNGEYE.
652 2517 805 2555 Vicaria
850 2518 892 2554 in
939 2516 1094 2554 ecclesia
1130 2516 1179 2555 de
1215 2516 1441 2567 Fodringeie
1478 2531 1552 2568 que
1589 2524 1645 2559 est

185 2570 457 2609 monachorum
495 2571 542 2608 de
588 2574 697 2620 prato
739 2574 847 2609 extra
887 2570 1186 2620 Northampton’
1224 2573 1448 2610 auctoritate
1494 2575 1646 2612 concilii

186 2625 361 2663 ordinata
405 2627 463 2662 est
508 2625 572 2663 sic.
629 2625 806 2663 Vicarius
843 2624 1002 2662 habebit
1049 2625 1204 2662 nomine
1240 2625 1378 2663 vicarie
1417 2639 1484 2664 sue
1520 2631 1645 2666 totum

186 2679 411 2728 altaragium
439 2691 526 2716 cum
544 2691 676 2716 manso
696 2681 935 2728 competente
953 2678 1148 2716 reddendo
1167 2678 1258 2716 inde
1276 2681 1476 2718 annuatim
1502 2681 1516 2718 i
1535 2683 1645 2719 marc'

188 2733 335 2782 argenti
362 2732 594 2770 monialibus
622 2733 850 2782 supradictis
878 2745 952 2782 que
985 2732 1244 2781 procurabunt
1271 2732 1484 2783 hospicium
1513 2735 1648 2774 Archi-

189 2787 340 2826 diaconi
359 2790 397 2824 et
417 2786 581 2824 vicarius
600 2786 648 2824 de
667 2787 904 2825 sinodalibus
923 2785 1179 2836 respondebit.
