1844 3178
652 345 860 380 Hucoms
890 343 1052 378 WELLs.
1525 332 1577 373 59

125 446 282 493 Mercer,
305 445 431 483 Adam
450 445 503 483 fil'
522 444 677 483 Radulfi
703 443 857 494 pistoris
882 446 1027 491 tenent,
1057 445 1096 480 et
1122 442 1165 480 in
1184 455 1211 479 x
1229 441 1362 479 solidis
1381 442 1579 479 annuatim

126 500 173 537 de
193 500 306 537 dictis
324 500 447 549 priore
462 502 499 537 et
514 502 706 537 conventu
720 497 984 547 percipiendis.
1042 496 1118 534 Et
1108 496 1183 546 1psi
1201 495 1303 545 prior
1316 497 1355 532 et
1369 498 1581 532 conventus

125 553 383 603 procurabunt
402 553 616 614 hospicium
634 551 907 590 Archidiaconi
921 554 960 587 et
974 551 1102 587 omnia
1115 550 1190 587 alia
1203 561 1317 587 onera
1335 548 1581 586 sustinebunt

126 610 165 698 {t
192 606 448 698 priovidebunt
477 607 618 645 vicario
646 606 693 643 de
720 604 829 643 tofto.
904 604 956 642 Et
983 607 1041 642 est
1067 604 1208 642 vicaria
1233 603 1276 652 iij
1306 614 1516 640 marcarum
1543 606 1582 639 et

152 673 221 698 1m1
250 673 295 698 le.

204 776 488 810 ννΙΝΤΗΟΒΡ’,
525 766 679 804 Vicaria
692 766 734 803 in
748 764 903 803 ecclesia
918 765 965 802 de
977 764 1199 813 Winthorp’
1215 777 1289 813 que
1304 766 1361 801 est
1376 763 1583 801 eorundem

124 821 179 858 sic
207 824 264 858 est
293 821 477 858 ordinata.
534 820 710 857 Vicarius
737 819 897 856 habebit
923 831 1100 855 mansum
1128 821 1346 867 competens
1369 820 1407 854 et
1439 817 1584 854 bonum

125 878 164 912 et
183 887 251 912 sex
270 875 460 923 quartaria
478 873 663 911 frumenti
680 872 884 922 paccabilis
904 875 942 909 et
960 873 1033 909 tria
1048 873 1238 921 quartaria
1257 871 1362 909 ordei
1380 871 1585 920 peccabilis

127 928 337 965 annuatim,
412 928 558 965 Panem
604 927 722 964 eciam
769 926 816 963 de
862 926 984 973 altari,
1032 926 1246 963 oblaciones
1291 926 1334 962 in
1379 925 1586 974 majoribus

127 981 474 1030 solempnitatibus,
495 981 749 1018 obvenciones
767 980 810 1017 in
829 980 1076 1025 confessione,
1099 979 1310 1017 secundum
1328 979 1496 1027 legatum
1516 991 1585 1028 pro

126 1035 367 1085 sponsalibus
383 1035 453 1084 jd„
474 1047 542 1084 pro
561 1047 714 1083 corpore
733 1034 901 1083 presenti
915 1033 973 1082 jd.
1031 1033 1203 1070 Habebit
1219 1036 1347 1070 autem
1361 1032 1525 1070 vicarius
1537 1032 1586 1069 ad

127 1089 310 1127 vestitum
330 1101 441 1126 suum
456 1088 656 1126 annuatim
674 1100 792 1125 unam
810 1100 973 1125 marcam
988 1087 1036 1125 de
1051 1087 1163 1124 dictis
1182 1087 1305 1135 priore
1325 1090 1363 1124 et
1382 1089 1584 1124 conventu.

127 1143 181 1180 Et
206 1143 282 1192 ipsi
309 1142 412 1192 prior
439 1145 477 1179 et
506 1144 716 1180 conventus
744 1141 945 1179 invenient
972 1141 1113 1179 vicario
1142 1140 1320 1178 clericum
1338 1140 1520 1177 idoneum
1545 1140 1589 1177 in

129 1196 307 1245 expensis
334 1197 413 1233 suis
446 1196 608 1245 propriis
636 1198 675 1233 et
702 1195 961 1244 procurabunt
996 1194 1213 1244 hospicium
1249 1193 1523 1232 Archidiaconi
1551 1196 1590 1231 ct

129 1253 251 1311 cetera
279 1262 393 1287 onera
420 1249 668 1287 sustinebunt
689 1252 728 1286 et
745 1249 1006 1299 providebunt
1033 1248 1081 1286 de
1109 1248 1233 1286 tofto:
1262 1251 1300 1286 et
1327 1248 1431 1286 valet
1449 1247 1589 1286 vicaria

129 1304 276 1342 clrciter
294 1304 348 1353 vij
370 1304 516 1342 marcis.

214 1420 371 1454 3URG‘,
426 1410 580 1448 Vicaria
597 1410 639 1448 in
660 1410 816 1448 ecclesia
839 1410 885 1447 de
905 1409 1019 1459 Burg’
1047 1422 1122 1459 que
1149 1412 1206 1447 est
1234 1409 1441 1447 eorundem
1460 1409 1515 1447 sic
1534 1412 1592 1447 est

132 1464 317 1502 ordinata.
374 1463 551 1502 Vicarius
569 1463 729 1501 habebit
748 1464 987 1513 capellanum
1002 1464 1146 1501 socium
1161 1467 1199 1501 et
1214 1463 1372 1501 habebit
1392 1463 1592 1501 annuatim

131 1518 315 1556 tredecim
363 1518 554 1567 quartaria
600 1518 786 1555 frumenti
832 1517 1036 1567 paccabilis
1072 1520 1111 1555 et
1148 1530 1215 1555 sex
1253 1518 1443 1567 quartaria
1488 1517 1594 1555 ordei

132 1571 336 1622 peccabilis
363 1574 402 1609 et
429 1572 524 1609 duas
551 1584 694 1609 marcas
721 1584 788 1620 per
821 1584 966 1609 annum
995 1574 1032 1608 et
1060 1571 1155 1608 dicti
1182 1571 1284 1620 prior
1311 1574 1349 1609 et
1377 1574 1592 1609 conventus

133 1625 334 1664 invenient
374 1625 552 1663 clericum
588 1625 770 1662 idoneum
806 1625 848 1662 in
885 1625 1061 1675 expensis
1097 1625 1270 1675 propriis.
1345 1625 1398 1663 Et
1434 1625 1593 1663 habebit

133 1679 298 1718 vicarius
323 1692 460 1729 panem
489 1679 537 1716 de
564 1679 684 1727 altari,
707 1679 921 1717 oblaciones
948 1680 991 1716 in
1018 1679 1226 1728 majoribus
1245 1679 1592 1729 solempnitatibus

135 1733 389 1772 obvenciones
417 1733 459 1770 in
487 1733 733 1779 confessione,
754 1733 964 1771 secundum
976 1733 1156 1782 legatum,
1175 1746 1244 1782 pro
1263 1734 1505 1783 sponsalibus
1521 1733 1591 1783 jd„

135 1800 203 1838 pro
223 1799 376 1836 corpore
395 1788 564 1836 presenti
586 1787 643 1836 jd.
700 1786 753 1824 Et
779 1787 855 1836 ipsi
882 1787 985 1836 prior
1012 1790 1050 1824 et
1087 1790 1300 1825 conventus
1335 1787 1595 1837 procurabunt

136 1841 349 1891 hospicium
370 1841 643 1879 Archidiaconi
662 1844 699 1878 et
718 1841 846 1879 omnia
873 1841 947 1878 alia
974 1853 1088 1878 onera
1106 1841 1353 1879 sustinebunt
1371 1845 1410 1880 et
1423 1841 1597 1892 provide-

135 1895 236 1934 bunt
253 1895 394 1933 vicario
414 1895 461 1933 de
479 1895 588 1933 tofto.
648 1895 700 1933 Et
724 1895 822 1933 valet
845 1895 982 1933 vicaria
1000 1895 1147 1933 circiter
1164 1895 1207 1933 ix
1225 1896 1348 1934 marc’.

218 2011 543 2045 ΑινιΝοεΗΑΜ
582 2012 642 2045 Ετ
676 2011 984 2046 coeam-rom.
1052 2001 1208 2040 Vinaria
1251 2004 1292 2041 in
1338 2004 1505 2042 ecclesiis
1551 2004 1598 2042 de

142 2055 399 2105 Alvingeham
412 2058 452 2093 et
466 2055 676 2094 Cocrinton
689 2056 726 2094 S.
742 2055 874 2094 Marie.
920 2056 1129 2094 Sciendum
1144 2060 1202 2095 est
1216 2056 1321 2106 quod
1335 2070 1410 2107 que
1423 2059 1599 2097 matrices

140 2110 295 2148 ecclesie
313 2122 380 2147 sue
400 2112 491 2147 sunt
509 2109 551 2146 in
569 2122 648 2147 uno
668 2113 706 2147 et
726 2109 858 2147 eodem
884 2110 1068 2148 cimiterio
1096 2110 1198 2149 infra
1217 2115 1324 2161 septa
1341 2112 1530 2161 prioratus
1550 2112 1598 2150 de

139 2163 398 2214 Alvingeham
414 2166 452 2200 et
467 2176 615 2224 semper
635 2167 914 2202 consueverunt
933 2164 1116 2202 deserviri
1133 2177 1201 2214 per
1218 2178 1341 2203 unum
1359 2166 1599 2227 capellanum

143 2221 182 2256 et
200 2230 268 2267 per
286 2229 407 2255 unum
423 2218 648 2255 canonicum
667 2218 864 2267 prioratus.
939 2218 1144 2256 Provisum
1163 2222 1221 2257 est
1239 2232 1286 2257 ex
1305 2221 1429 2270 gracia
1452 2220 1600 2258 domini

141 2271 311 2332 episcopi
337 2271 442 2332 quod
469 2284 571 2309 unus
597 2271 762 2309 vicarius
791 2271 1007 2321 preficiatur
1037 2272 1183 2310 ibidem
1220 2277 1259 2311 et
1293 2273 1434 2312 habeat
1471 2287 1600 2312 curam

142 2326 355 2363 animarum
386 2325 429 2362 in
461 2328 623 2375 utraque
654 2325 851 2375 parrochia
883 2329 921 2364 et
953 2326 1108 2364 nomine
1145 2326 1285 2365 vicarie
1320 2328 1506 2378 percipiat
1533 2341 1601 2366 sex

97 2431 100 2434 ι
142 2379 334 2429 quartaria
361 2378 548 2417 frumenti
574 2379 780 2429 paccabilis
808 2383 846 2417 et
874 2380 947 2417 tria
974 2381 1165 2429 quartaria
1192 2381 1298 2419 ordei
1324 2383 1530 2431 paccabilis
1563 2386 1602 2420 et

141 2433 282 2472 habeat
296 2445 412 2470 unam
424 2445 589 2471 marcam
603 2434 750 2483 argenti
760 2446 829 2483 per
839 2447 984 2471 annum
996 2434 1044 2471 de
1056 2434 1170 2472 dictis
1184 2435 1308 2485 priore
1323 2438 1361 2473 et
1376 2439 1600 2483 conventus,

144 2487 360 2525 oblaciones
378 2487 421 2524 in
439 2487 648 2536 majoribus
666 2488 1017 2537 sollempnitatibus
1035 2488 1181 2526 scilicet
1200 2489 1262 2527 die
1282 2489 1468 2528 Omnium
1488 2491 1602 2529 Sanc-

143 2544 271 2578 torum
289 2538 349 2590 ijd.
365 2540 428 2578 die
445 2541 560 2578 natal'
574 2540 648 2590 vjd.
668 2541 731 2579 die
748 2541 889 2591 pasche
902 2540 991 2591 iiijd.
1008 2542 1143 2580 diebus
1162 2543 1346 2582 festorum
1360 2545 1603 2583 ecclesiarum

144 2593 207 2644 ijd.
221 2607 290 2644 pro
303 2607 455 2644 corpore
469 2596 636 2644 presenti
648 2594 696 2644 jd.
711 2596 752 2633 in
765 2598 925 2645 utraque
937 2596 1114 2645 parochia
1127 2597 1346 2647 quicunque
1359 2599 1604 2636 celebraverit

144 2649 309 2695 missam,
349 2661 417 2698 pro
464 2649 704 2698 sponsalibus
745 2648 794 2698 jd.
834 2650 1053 2700 quicunque
1090 2651 1337 2690 celebraverit
1368 2653 1411 2689 in
1442 2656 1604 2702 utraque

145 2702 337 2752 parochia,
357 2702 568 2740 secundum
594 2703 762 2753 legatum
782 2716 830 2740 ex
849 2707 1009 2753 utraque
1027 2705 1215 2754 parochia.
1272 2705 1324 2743 Et
1342 2706 1419 2756 ipsi
1436 2706 1538 2756 prior
1566 2709 1604 2744 et

146 2760 359 2794 conventus
378 2757 638 2805 procurabunt
656 2757 871 2818 hospicium
890 2758 1165 2796 Archidiaconi
1184 2762 1222 2797 et
1242 2762 1364 2797 cetera
1393 2773 1506 2798 onera
1524 2764 1605 2798 tam

147 2810 338 2848 ordinaria
374 2822 489 2859 quam
527 2811 824 2849 extraordinaria
859 2812 902 2850 in
947 2816 1175 2873 perpetuum
1220 2814 1479 2852 sustinebunt.
1553 2814 1606 2852 Et

147 2864 304 2913 insuper
321 2864 523 2915 invenient
541 2865 680 2902 vicario
700 2865 904 2903 diaconum
922 2865 1132 2904 idoneum
1122 2879 1163 2904 m
1182 2868 1360 2929 expensis
1387 2868 1549 2919 propriis
1568 2871 1608 2907 et

149 2930 325 2956 mansum
346 2917 493 2956 bonum
512 2921 550 2956 et
569 2922 797 2969 competens.
855 2919 907 2957 Et
928 2920 1029 2958 valet
1056 2921 1197 2959 vicaria
1215 2922 1254 2971 vj
1276 2922 1398 2960 marc'.
