1844 3178
219 343 274 384 94
757 352 895 385 LIBER
923 352 1159 393 ANTIQUUS

220 466 337 503 quam
356 464 469 502 super
486 451 740 490 advocacione
759 449 913 488 ecclesie
928 450 975 489 de
990 449 1262 489 Messewordh’
1278 450 1410 489 domui
1427 450 1615 501 relligiose
1636 451 1684 490 de

221 506 452 547 Caudewell'
480 509 519 544 et
539 505 743 544 Canonicis
769 504 916 542 ibidem
948 505 1019 543 deo
1051 505 1307 542 servientibus
1335 507 1374 542 et
1400 505 1685 556 imperpetuum

220 561 442 611 regulariter
479 559 676 598 servituris
707 558 800 596 fecit
829 561 953 596 ratam
984 561 1023 597 et
1052 561 1198 608 gratam
1227 558 1367 596 habere
1399 571 1557 609 eamque
1585 560 1685 597 sicut

218 615 501 654 racionabiliter
519 613 619 651 facta
639 615 695 650 est
715 613 769 650 eis
783 613 1008 650 auctoritate
1025 613 1231 662 episcopali
1246 613 1522 652 confirmamus.
1559 614 1686 652 Salvis

218 671 261 707 in
281 669 459 707 omnibus
488 668 548 705 &a
606 666 720 715 Quod
747 669 791 703 ut
818 670 1041 716 perpetuam
1068 667 1243 704 obtineat
1270 667 1489 704 firmitatem
1517 668 1686 716 presenti

219 724 360 773 scripto
373 722 541 771 sigillum
554 724 728 758 nostrum
738 720 921 758 duximus
932 721 1213 770 apponendum.
1236 720 1326 758 Hiis
1333 721 1511 758 Testibus
1518 721 1686 759 Roberto

221 776 469 815 Huntindon'
488 778 526 813 et
554 774 768 812 Willielmo
797 774 897 812 Buk'
925 774 1214 823 archidiaconis,
1230 774 1377 812 Thema
1405 774 1452 812 de
1470 775 1686 813 Fiskerton'

220 831 428 881 capellano,
449 828 646 878 Magistris
673 828 719 866 R.
742 828 790 866 de
818 827 968 866 Grauel'
989 832 1028 866 et
1046 828 1189 866 Theob’
1209 828 1257 866 de
1282 828 1409 874 Canc’,
1431 828 1475 866 P.
1497 828 1544 866 de
1573 828 1687 867 Bath'

221 885 413 923 canonicis
432 883 553 930 Linc’,
574 882 771 932 Magistris
790 881 855 920 W.
873 882 921 920 de
941 882 1049 920 Linc’
1070 885 1108 920 et
1126 883 1208 920 Ric'
1224 882 1272 920 de
1290 882 1512 931 Tinghurst,
1531 882 1687 921 Olivero

221 940 268 977 de
288 938 437 978 Chedn’
459 937 615 984 clericis,
645 939 684 974 et
711 936 806 974 aliis.
864 936 956 974 Dat'
974 949 1042 986 per
1056 936 1156 974 man'
1185 936 1248 975 W.
1280 936 1328 974 de
1355 936 1539 974 Thornac’
1568 936 1688 974 archi-

220 993 374 1031 diaconi
394 992 522 1031 Stowe
541 990 646 1041 apud
664 989 886 1041 Buggedon'
902 991 967 1040 iij0
986 991 1046 1028 Id.
1062 991 1210 1041 Aprilis
1228 990 1335 1041 pont'
1355 991 1478 1029 nostri
1497 1003 1599 1029 anno
1618 996 1674 1029 x0.

302 1097 763 1189 3381113.ἔὲΞοΩοοω
782 1152 894 1189 opera
912 1139 1080 1178 caritatis
1099 1153 1257 1178 assensu
1283 1143 1391 1190 grato
1413 1142 1505 1178 sunt
1524 1139 1689 1190 amplec-

221 1197 349 1243 tenda,
370 1195 676 1234 Universitatem
694 1197 863 1233 vestram
882 1194 976 1231 scire
995 1195 1175 1232 nolumus
1191 1194 1295 1244 quod
1309 1207 1379 1232 nos
1395 1194 1688 1232 collocacionem

221 1250 353 1289 dilecti
380 1251 424 1287 in
444 1249 599 1288 Christo
626 1249 698 1287 filii
717 1248 744 1286 J
747 1248 911 1286 ohannis
930 1248 1101 1286 Malh'be
1129 1249 1265 1286 militis
1292 1261 1409 1298 quam
1436 1248 1620 1297 hospitali
1646 1248 1684 1287 S.

220 1305 248 1343 J
251 1304 415 1343 ohannis
434 1303 610 1353 Baptiste
637 1303 685 1340 de
705 1302 870 1340 Hocliue
898 1304 936 1339 et
963 1302 1146 1340 fratribus
1175 1302 1347 1351 ejusdem
1373 1302 1448 1340 loci
1465 1302 1557 1340 fecit
1577 1315 1690 1352 super

221 1359 476 1398 advocacione
496 1357 651 1395 ecclesie
669 1357 781 1395 Beati
800 1355 982 1394 Nicholai
1008 1356 1051 1393 in
1079 1357 1211 1394 eadem
1239 1356 1333 1395 villa
1360 1359 1482 1394 ratam
1500 1356 1688 1394 habemus

221 1417 260 1452 et
279 1416 424 1463 gratam
443 1424 602 1461 eamque
622 1412 681 1449 &c.
700 1414 744 1449 ut
764 1423 878 1460 supra
891 1410 934 1448 in
949 1413 1051 1448 carta
1065 1411 1251 1460 proxima.
1312 1410 1436 1449 Salvis
1451 1410 1493 1448 in
1508 1410 1688 1448 omnibus

221 1468 281 1506 &c.
340 1466 456 1515 Quod
486 1468 527 1503 ut
555 1470 779 1515 perpetuam
799 1465 859 1503 &c.
918 1464 1096 1502 Testibus
1116 1465 1208 1514 Reg.
1230 1464 1447 1502 subdecano
1476 1467 1514 1502 et
1541 1464 1626 1502 aliis
1645 1467 1690 1502 ut

221 1534 335 1571 supra
345 1522 389 1558 in
404 1523 506 1558 carta
520 1520 704 1569 proxima.
762 1519 854 1557 Dat’
866 1532 934 1569 per
948 1531 1085 1556 manus
1100 1518 1164 1557 W.
1180 1519 1228 1557 de
1237 1518 1423 1557 Thornac'
1433 1518 1691 1557 archidiaconi

222 1577 351 1615 Stowe
371 1574 475 1625 apud
494 1574 713 1624 Buggeden'
732 1573 760 1623 ij
781 1573 856 1612 kal.
879 1573 1026 1623 Aprilis
1045 1586 1147 1611 anno
1166 1578 1221 1611 XO.

302 1680 576 1764 {gg-{5335}
633 1723 764 1773 Quum
781 1724 846 1773 pia
863 1723 966 1761 facta
983 1723 1157 1762 fidelium
1180 1723 1297 1773 digno
1316 1725 1407 1761 sunt
1426 1722 1691 1773 prosequenda

220 1779 363 1827 favore,
389 1778 585 1817 Noveritis
613 1791 684 1816 nos
712 1778 959 1816 collacionem
986 1790 1102 1827 quam
1129 1777 1230 1815 bone
1258 1777 1439 1815 memorie
1459 1776 1625 1814 Matillis
1641 1776 1688 1814 de

222 1834 389 1872 Mohaut
416 1834 509 1871 fecit
536 1832 714 1882 priorisse
742 1835 780 1870 et
808 1831 1041 1869 monialibus
1069 1832 1117 1869 de
1146 1831 1267 1870 Cestr’
1296 1844 1410 1881 super
1436 1831 1690 1869 advocacione

223 1888 379 1926 ecclesie
408 1888 455 1925 de
476 1886 674 1936 Sutherby
692 1889 814 1924 ratam
842 1889 880 1924 et
907 1889 1052 1936 gratam
1080 1885 1266 1924 habentes
1294 1898 1376 1923 eam
1404 1886 1504 1923 sicut
1523 1885 1691 1923 raciona-

221 1942 353 1980 biliter
373 1942 432 1980 &c.
455 1944 499 1979 ut
535 1940 578 1977 in
610 1943 713 1978 carta
735 1940 920 1990 proxima.
980 1940 1107 1978 Salvis
1125 1940 1167 1977 in
1187 1940 1365 1977 omnibus
1385 1938 1452 1978 &c.
1514 1939 1629 1988 Quod
1648 1942 1692 1976 ut

221 1999 446 2046 perpetuam
473 1997 534 2034 &c.
592 1995 772 2033 Testibus
791 1994 818 2032 J
821 1994 973 2032 ohanne
992 1994 1040 2032 de
1058 1994 1230 2032 Eboraco
1258 1993 1526 2032 archidiacono
1548 1993 1687 2040 Stowe,

221 2051 369 2088 Thoma
397 2050 445 2088 de
472 2050 679 2088 Fiskerton
707 2049 915 2098 capellano,
947 2048 1133 2097 Magistro
1166 2048 1212 2086 R.
1243 2048 1291 2086 de
1320 2047 1471 2086 Grauel'
1500 2050 1539 2085 et
1566 2047 1610 2086 P.
1642 2047 1691 2085 de

222 2104 388 2143 Bathon'
427 2105 619 2142 canonicis
667 2103 787 2149 Linc',
826 2103 891 2141 W.
930 2102 979 2141 de
1016 2102 1266 2162 Keynesham
1312 2104 1350 2139 et
1386 2101 1595 2151 Radulpho
1641 2101 1689 2138 de

222 2158 456 2202 Warrauill’,
476 2157 669 2196 canonicis
689 2156 817 2205 Well’,
838 2157 1025 2206 Magistro
1045 2156 1220 2195 Gilberto
1250 2156 1297 2194 de
1318 2155 1449 2195 Stowa
1477 2158 1515 2194 et
1535 2155 1691 2194 Olivero

221 2213 270 2251 de
290 2211 438 2252 Chedn'
458 2213 615 2260 clericis,
637 2214 675 2249 et
693 2211 789 2250 aliis.
846 2211 936 2249 Dat'
956 2224 1023 2261 per
1037 2224 1173 2249 manus
1193 2211 1257 2249 W.
1279 2210 1327 2248 de
1345 2210 1486 2247 Thorn'
1506 2209 1690 2247 archidia-

223 2268 310 2305 coni
327 2265 502 2305 Lincoln'
522 2266 626 2317 apud
644 2266 685 2304 N
687 2265 809 2304 euhus
828 2265 890 2315 xj⁰
909 2265 984 2304 kal.
1005 2265 1033 2303 J
1035 2265 1117 2315 unij
1139 2264 1246 2315 pont'
1265 2264 1386 2303 nostri
1404 2276 1505 2303 anno
1524 2269 1580 2302 x0.

856 2344 939 2399 [Fo.
963 2344 1062 2399 29¹³}

303 2416 665 2451 ΑΡΡΒΟΡΒΙΑΟΙΟ
682 2415 1036 2451 ννυΙ-ΙΝΘΕΗΑΜ.

304 2461 496 2499 Omnibus
516 2462 576 2499 Sec.
634 2460 799 2499 Noverit
816 2460 1047 2499 universitas
1073 2461 1200 2498 vestra
1218 2471 1289 2497 nos
1308 2458 1356 2497 de
1375 2470 1532 2496 assensu
1550 2456 1691 2507 Rogeri

223 2515 372 2553 Decani
400 2518 440 2553 et
461 2514 634 2564 Capituli
661 2516 784 2553 nostri
803 2515 911 2553 Linc'
932 2514 1158 2552 concessisse
1187 2516 1225 2551 et
1252 2513 1422 2563 presenti
1440 2515 1543 2550 carta
1561 2515 1691 2550 nostra

224 2570 463 2607 confirmasse
493 2569 625 2607 domui
651 2569 840 2619 relligiose
868 2569 916 2606 de
938 2569 1054 2606 Fosse
1083 2571 1192 2605 extra
1211 2567 1364 2605 Torkes’
1385 2570 1423 2605 et
1451 2566 1690 2604 Monialibus

222 2624 369 2661 ibidem
398 2624 468 2661 deo
497 2623 754 2661 servientibus
787 2626 827 2661 et
858 2624 901 2660 in
933 2625 1162 2673 perpetuum
1193 2621 1390 2660 servituris
1418 2620 1616 2659 ecclesiam
1643 2620 1691 2657 de

224 2678 516 2727 Wulh'ngeham
547 2690 633 2715 cum
668 2678 847 2715 omnibus
878 2676 1124 2727 pertinenciis
1153 2676 1232 2714 suis
1268 2688 1343 2725 que
1380 2677 1437 2713 est
1475 2674 1522 2712 de
1562 2686 1692 2712 earum

223 2732 476 2770 advocacione
509 2732 614 2769 salva
647 2732 885 2781 possessione
920 2730 1109 2781 Stephani
1142 2730 1189 2767 de
1217 2729 1438 2778 Hundegat'
1465 2729 1590 2766 clerici
1623 2728 1692 2778 qui

224 2786 369 2823 dictam
385 2786 581 2824 ecclesiam
595 2788 713 2823 tenet.
755 2785 969 2823 Reddendo
985 2785 1039 2823 eis
1054 2785 1148 2822 duas
1162 2797 1305 2822 marcas
1321 2783 1522 2821 annuatim
1536 2782 1691 2819 nomine

224 2840 419 2890 pensionis
439 2843 526 2889 post
546 2839 741 2877 decessum
770 2840 852 2889 ejus
880 2840 923 2877 in
949 2839 1122 2889 proprios
1150 2851 1241 2876 usus
1268 2839 1439 2888 ipsarum
1457 2835 1690 2874 Monialium

226 2894 529 2932 convertendas:
560 2906 679 2932 unam
715 2894 860 2932 scilicet
897 2893 1142 2931 medietatem
1179 2892 1229 2930 ad
1264 2892 1450 2931 vestitum
1487 2902 1614 2928 earum
1652 2892 1691 2927 et

226 2948 472 2986 medietatem
491 2948 606 2986 aliam
625 2948 674 2986 ad
693 2949 906 2998 coquinam.
