1844 3178
691 323 899 357 HUGONIS
928 322 1094 357 WELLS.
1566 315 1618 354 41

751 482 1066 574 {timum

792 591 876 645 [Εο.
899 591 996 645 136]

245 672 564 707 ννυΗ-ἮΙΚΕΒΥ
623 660 882 715 [Worlabffi‘]
940 662 1094 700 Vicaria
1105 663 1148 700 in
1159 662 1316 701 ecclesia
1328 663 1376 700 de
1389 663 1622 703 Wulfrikeb'

166 729 240 766 que
253 720 310 754 est
325 717 476 754 abbatis
491 720 529 754 et
545 719 758 755 conventus
777 716 824 754 de
844 716 1067 754 Thorenton
1087 717 1262 755 consistit
1280 717 1321 754 in
1340 719 1422 754 toto
1442 717 1622 768 altaragio

166 773 324 819 excepta
357 770 503 808 decima
531 782 715 819 agnorum
747 782 833 808 cum
867 770 967 807 tofto
999 770 1238 819 assignando.
1295 771 1471 809 Vicarius
1499 771 1623 810 solvet

166 827 319 862 tantum
334 824 521 862 sinodalia
537 824 737 862 annuatim
757 827 796 861 et
815 824 890 873 ipsi
909 823 1027 861 abbas
1047 827 1084 862 et
1104 827 1315 862 conventus
1334 824 1381 862 de
1400 824 1622 863 Thorenton

165 878 425 927 procurabunt
451 877 670 927 hospicium
696 877 970 915 Archidiaconi
1005 880 1044 915 et
1076 878 1150 915 alia
1183 890 1296 916 onera
1324 881 1403 916 tam
1432 879 1622 917 ordinaria

166 944 282 981 quam
318 931 619 970 extraordinaria
650 931 693 969 in
723 933 951 981 perpetuum
984 931 1230 970 sustinebunt
1267 935 1305 970 et
1341 932 1445 971 valet
1481 932 1622 972 vicaria

165 986 337 1035 quinque
356 985 479 1024 marc'.

245 1101 509 1136 GRESSEBY,
574 1092 729 1130 Vicaria
746 1092 787 1130 in
806 1092 963 1130 ecclesia
982 1092 1029 1130 de
1049 1092 1222 1131 Gresseb'
1242 1105 1315 1142 que
1338 1096 1396 1132 est
1414 1094 1621 1132 eorundem

165 1146 339 1184 consistit
374 1147 417 1184 in
452 1149 535 1184 toto
571 1146 752 1196 altaragio
789 1150 947 1196 excepta
983 1146 1129 1185 decima
1167 1159 1350 1197 agnorum
1387 1160 1474 1186 cum
1519 1143 1620 1186 tofto

164 1200 392 1251 assignando
425 1203 464 1238 et
496 1200 659 1238 vicarius
691 1200 960 1238 tantummodo
991 1200 1192 1238 annuatim
1221 1200 1344 1239 solvet
1373 1202 1561 1240 sinodalia
1583 1205 1621 1240 et

163 1254 245 1304 ipse
263 1254 381 1292 abbas
400 1257 438 1292 et
457 1257 669 1293 conventus
687 1254 946 1304 procurabunt
959 1254 1175 1304 hospicium
1198 1254 1472 1294 Archidiaconi
1490 1258 1527 1293 et
1547 1256 1621 1294 alia

163 1320 277 1345 onera
294 1310 374 1346 tam
392 1308 582 1346 ordinaria
600 1321 716 1358 quam
734 1308 1033 1347 extraordinaria
1050 1309 1094 1347 in
1120 1312 1348 1359 perpetuum
1372 1310 1621 1349 sustinebunt

163 1364 201 1400 et
219 1361 323 1401 valet
340 1361 481 1401 vicaria
499 1363 670 1412 quinque
691 1363 814 1401 marc'.

245 1479 446 1513 ΒΑΒΕννΑ
475 1467 681 1522 [Barrow]
725 1469 879 1507 Vicaria
890 1469 933 1507 in
946 1469 1102 1508 ecclesia
1114 1469 1162 1508 de
1174 1469 1317 1508 Barew’
1331 1482 1406 1520 que
1419 1473 1475 1509 est
1488 1483 1619 1510 corun-

162 1522 251 1561 dem
273 1523 450 1561 consistit
463 1524 506 1561 in
525 1523 705 1561 omnibus
723 1523 1026 1562 obvencionibus
1051 1523 1193 1571 altaris,
1223 1524 1342 1562 eciam
1367 1525 1410 1562 in
1438 1525 1619 1564 omnibus

161 1576 320 1615 decimis
334 1581 493 1627 excepta
508 1577 654 1615 decima
669 1577 871 1627 garbarum
885 1577 967 1615 feni
984 1577 1294 1615 molendinorum
1312 1581 1350 1616 et
1370 1578 1518 1617 decima
1531 1580 1619 1618 16116

159 1633 198 1668 et
218 1644 399 1680 agnorum
422 1644 516 1680 quas
537 1631 703 1669 decimas
723 1631 938 1681 percipient
952 1631 1087 1669 Abbas
1106 1633 1144 1669 et
1160 1634 1384 1670 conventus.
1430 1632 1619 1672 Consistit

159 1684 279 1722 eciam
305 1685 348 1723 in
366 1683 450 1723 xxti
477 1685 612 1723 solidis
633 1685 828 1724 solvendis
858 1684 962 1723 dicto
990 1685 1131 1724 vicario
1150 1698 1218 1735 per
1236 1686 1414 1724 abbatem
1432 1687 1476 1724 in
1495 1687 1557 1725 die
1577 1687 1614 1726 S.

159 1738 374 1777 Michaelis.
430 1739 564 1777 Abbas
594 1739 715 1777 eciam
740 1739 916 1778 inveniet
940 1739 1065 1777 eidem
1085 1751 1262 1777 mansum
1281 1743 1561 1790 competentem
1580 1745 1618 1780 et

158 1791 346 1831 decimam
366 1792 449 1831 feni
468 1793 594 1832 eidem
612 1793 752 1832 habere
770 1793 885 1832 faciet
905 1793 953 1832 de
970 1793 1095 1832 tribus
1114 1793 1245 1832 croftis
1264 1794 1313 1832 ad
1332 1806 1473 1845 equum
1492 1808 1615 1835 suum.

237 1909 562 1944 THORENTON.
616 1900 770 1939 Vicaria
805 1901 848 1939 in
886 1900 1044 1939 ecclesia
1082 1900 1131 1939 de
1170 1901 1394 1940 Thorenton
1439 1915 1514 1952 que
1560 1907 1618 1942 est

160 1953 371 1992 eorundem
390 1954 566 1992 consistit
584 1954 627 1992 in
641 1954 821 1993 omnibus
836 1954 1100 1993 oblacionibus
1115 1955 1245 1993 altaris
1263 1958 1301 1993 et
1315 1956 1357 1993 in
1370 1956 1528 1994 decimis
1546 1957 1618 1995 lini

158 2010 198 2045 et
219 2008 349 2046 canab’
369 2021 456 2046 cum
474 2008 575 2047 tofto
594 2008 835 2060 assignando.
893 2008 1066 2047 Habebit
1085 2009 1205 2047 eciam
1223 2010 1388 2048 vicarius
1406 2011 1618 2049 secundum

157 2061 328 2112 legatum
347 2065 385 2100 et
405 2065 463 2100 est
481 2065 576 2100 tunc
595 2063 736 2101 vicaria
750 2075 818 2101 sex
832 2061 956 2100 marc'.
1003 2062 1181 2101 Vicarius
1200 2063 1324 2102 solvet
1347 2065 1617 2103 tantummodo

160 2116 350 2154 sinodalia
364 2119 402 2155 et
422 2115 541 2155 abbas
556 2119 595 2155 et
606 2120 820 2156 conventus
831 2116 1091 2167 procurabunt
1102 2116 1319 2167 hospicium
1329 2117 1616 2159 Archidiaconi.

239 2232 468 2268 HULSEBY
503 2221 694 2277 [Ulceby]
738 2224 893 2263 Vicaria
919 2225 962 2262 in
990 2224 1146 2262 ecclesia
1174 2224 1222 2262 de
1249 2225 1428 2275 Hulseby
1456 2239 1529 2276 que
1558 2231 1616 2266 est

156 2277 364 2315 eorundem
382 2278 557 2316 consistit
577 2279 620 2316 in
640 2282 722 2317 toto
745 2279 926 2328 altaragio
946 2291 1033 2316 cum
1051 2279 1151 2316 tofto
1171 2282 1331 2329 excepta
1349 2280 1497 2319 decima
1513 2281 1612 2320 lane.

155 2331 334 2370 Vicarius
352 2332 475 2370 solvet
494 2333 694 2371 annuatim
712 2333 982 2371 tantummodo
997 2332 1185 2371 sinodalia
1199 2336 1236 2371 et
1250 2333 1414 2383 predicti
1426 2333 1560 2373 Abbas
1576 2339 1614 2373 et

155 2388 369 2424 conventus
388 2388 427 2424 ct
445 2386 549 2436 prior
576 2390 614 2424 et
643 2390 854 2426 conventus
874 2387 921 2424 de
940 2387 1094 2425 Wartre
1111 2388 1371 2436 procurabunt
1397 2388 1615 2439 hospicium

156 2439 430 2478 Archidiaconi
449 2443 488 2478 et
506 2440 582 2478 alia
600 2453 714 2479 onera
733 2444 813 2479 tam
832 2440 1025 2479 ordinaria
1053 2453 1167 2491 quam
1186 2442 1485 2481 extraordinaria
1504 2444 1615 2482 susti-

155 2493 305 2532 nebunt
324 2497 363 2532 et
381 2496 439 2531 est
456 2493 598 2533 vicaria
616 2495 787 2545 quinque
805 2495 928 2534 marc'.

234 2610 275 2644 S.
291 2610 482 2651 dAGOB!‚
500 2611 752 2646 ΟΕΡΙΝΕΕΒ,
799 2601 1421 2654 VicariainecclesiadeDepinges
1429 2603 1466 2643 S.
1477 2604 1614 2643 Jacobi

154 2667 229 2705 que
243 2658 300 2693 est
314 2655 465 2693 abbatis
479 2658 518 2693 et
532 2659 743 2694 conventus
762 2656 810 2694 (16
828 2657 1032 2706 Thorneya
1045 2656 1134 2694 talis
1148 2660 1216 2695 est.
1264 2657 1442 2696 Vicarius
1456 2658 1615 2697 habebit

154 2709 310 2747 nomine
331 2709 470 2748 vicarie
497 2709 573 2748 sibi
594 2713 633 2747 et
655 2709 813 2749 diacono
842 2723 911 2749 suo
938 2711 1087 2750 victum
1112 2710 1211 2749 sicut
1239 2710 1389 2750 duobus
1416 2712 1615 2751 monachis

154 2763 394 2802 morantibus
413 2763 456 2801 in
482 2763 651 2813 prioratu
670 2764 843 2814 ejusdem
861 2764 936 2803 loci
956 2768 994 2803 et
1012 2764 1172 2803 habebit
1194 2764 1381 2816 foragium
1399 2769 1438 2804 et
1455 2767 1613 2816 preben-

220 2869 306 2895 *The
322 2870 439 2895 modern
456 2876 553 2896 names
570 2870 600 2896 in
618 2870 677 2897 this
694 2871 750 2897 and
767 2871 816 2897 the
836 2871 983 2904 following
1000 2871 1228 2904 Archdeaconry‚
1255 2872 1337 2898 when
1355 2874 1403 2899 not
1420 2873 1546 2906 obviouS,
1566 2881 1614 2901 are

153 2902 281 2929 inserted
298 2903 329 2928 in
347 2903 487 2929 brackets.
