1844 3178
757 327 919 361 HUGON
923 327 963 360 IS
995 327 1157 361 WELLS.
1645 318 1698 357 :35

884 423 1089 478 [F0.11a].
1274 409 1447 477 1⁰?
1457 410 1689 478 DUM}

1334 433 1510 476 dim„

322 507 362 541 S.
403 505 680 548 ΜΙΟΗΑΕῌΒ,
720 504 1124 540 ΝΟΒΤΗΑΜΡΤΟΝ’.
1189 494 1342 534 Vlcarla
1376 507 1419 532 111
1457 495 1612 534 ecclesia
1655 497 1695 536 S.

243 550 446 589 Michaelis
485 550 526 588 Ν
528 550 783 600 orthampton’
821 561 895 598 que
934 552 991 586 est
1032 549 1239 587 eorundem
1280 548 1505 586 auctoritate
1543 551 1697 589 concilii

172 623 179 628 ·
243 605 416 643 ordinata
429 607 485 642 est
497 605 560 643 sic.
599 604 775 642 Vicarius
787 602 947 641 habebit
960 603 1115 641 nomine
1126 603 1265 642 vicarie
1280 615 1346 640 sue
1362 605 1483 640 totam
1498 604 1693 642 ecclesiam

241 658 348 696 illam
367 658 560 695 reddendo
579 657 670 695 inde
689 657 803 695 dictis
822 656 1019 694 monachis
1034 657 1232 695 annuatim
1247 659 1412 706 quatuor
1425 669 1569 694 marcas
1588 662 1626 695 et
1646 658 1693 695 de

243 711 482 750 sinodalibus
499 715 654 750 tantum
671 710 947 761 respondendo.

323 828 539 862 WEDONJ·
589 818 744 857 Vicaria
780 818 822 855 in
859 817 1016 856 ecclesia.
1052 817 1100 855 de
1137 817 1292 855 Wedon
1328 830 1403 867 que
1444 820 1502 855 est
1548 818 1699 856 abbatis

242 871 282 910 S.
323 872 484 910 Luciani
528 872 728 910 Beluacen'
767 872 992 909 auctoritate
1037 871 1190 909 concilii
1232 871 1406 909 ordinata
1446 872 1622 910 consistit
1654 873 1696 910 in

243 925 400 963 decimis
435 926 636 975 garbarum
668 926 725 963 xii
756 926 990 975 virgatarum
1022 928 1060 962 et
1092 925 1252 963 dimidie
1283 929 1321 962 et
1357 926 1399 962 in
1428 926 1544 963 tercia
1589 929 1696 975 parte

240 980 361 1017 totius
397 979 569 1030 altaragii
604 980 774 1029 exceptis
819 979 980 1016 minutis
1026 979 1183 1016 decimis
1230 979 1277 1016 de
1323 979 1427 1016 curia
1464 979 1612 1017 domini
1659 983 1697 1018 et

242 1033 506 1071 oblacionibus
541 1034 590 1071 ad
626 1034 805 1083 reliquias
842 1032 997 1071 ecclesie
1034 1033 1080 1070 de
1117 1032 1273 1070 Wedon
1308 1033 1624 1082 provenientibus
1661 1037 1699 1072 et

241 1091 400 1136 excepta
418 1087 575 1125 candela
592 1088 635 1125 in
653 1088 716 1125 die
734 1087 1013 1137 purificacionis
1032 1087 1149 1124 Beate
1177 1086 1308 1125 Marie.
1368 1087 1419 1125 Et
1438 1087 1540 1125 valet
1559 1088 1699 1125 vicaria

243 1141 296 1179 sic
316 1141 490 1179 ordinata
507 1154 533 1180 v
551 1140 664 1179 marc'
682 1145 720 1179 et
740 1141 913 1191 amplius.

706 1211 723 1229 ἢ
732 1210 767 1235 In
779 1216 797 1236 a
808 1210 880 1236 later
891 1209 969 1236 hand
981 1209 1037 1235 :—“
1047 1208 1227 1242 Pynkeney.”

326 1307 512 1342 Ε53ΕΒΥ
531 1295 883 1351 [canonicor-amq.
922 1297 1077 1336 Vicaria
1091 1298 1131 1335 in
1149 1297 1304 1335 ecclesia
1320 1297 1367 1335 de
1383 1297 1529 1347 Esseby
1547 1310 1622 1347 que
1642 1301 1701 1336 est

243 1352 379 1402 prioris
408 1355 447 1389 et
479 1356 691 1390 conventus
720 1352 864 1389 ibidem
893 1352 1117 1389 auctoritate
1150 1352 1304 1389 concilii
1337 1352 1511 1389 ordinata
1543 1355 1600 1389 est
1633 1353 1696 1390 sic.

243 1406 421 1444 Vicarius
440 1406 599 1443 habebit
617 1406 773 1444 nomine
792 1409 973 1455 perpetue
992 1406 1131 1443 vicarie
1164 1406 1242 1443 sibi
1261 1408 1299 1442 et
1319 1405 1478 1443 diacono
1499 1418 1567 1443 suo
1587 1419 1701 1455 quem

244 1460 445 1497 invenient
464 1460 672 1497 necessaria
690 1460 815 1497 victus
832 1460 875 1496 in
889 1459 1058 1508 prioratu
1073 1471 1159 1496 cum
1175 1459 1306 1496 debita
1319 1459 1519 1497 honestate
1534 1463 1572 1497 et
1587 1473 1699 1498 xxxs.

244 1526 391 1551 annuos
409 1526 478 1563 pro
497 1514 724 1563 stipendiis:
751 1513 910 1550 habebit
930 1513 1049 1550 eciam
1071 1513 1283 1550 secundum
1310 1513 1478 1562 legatum
1503 1526 1624 1563 usque
1652 1514 1703 1551 ad

244 1567 324 1616 vjd.
364 1572 402 1604 et
439 1568 542 1616 quod
578 1567 679 1605 ultra
714 1567 832 1604 fuerit
867 1567 941 1616 ipsi
971 1567 1143 1604 canonici
1171 1570 1209 1604 et
1237 1567 1401 1605 vicarius
1428 1567 1699 1605 dimidiabunt.

245 1621 346 1658 Item
365 1620 524 1658 habebit
542 1621 584 1658 in
604 1624 768 1670 quatuor
798 1620 1076 1670 principalibus
1109 1621 1217 1658 festis
1250 1621 1343 1658 anni
1372 1621 1588 1659 oblaciones
1616 1634 1703 1659 suas

244 1674 389 1712 scilicet
421 1674 483 1712 die
514 1675 636 1712 natali
653 1675 735 1724 iijd.
771 1678 809 1712 et
841 1677 1002 1723 utroque
1021 1674 1180 1712 aliorum
1200 1675 1385 1712 festorum
1403 1675 1454 1713 id.
1477 1678 1515 1712 et
1533 1679 1704 1724 preterea

244 1728 297 1766 id.
345 1741 432 1766 cum
464 1741 599 1778 corpus
635 1729 751 1766 fuerit
788 1741 953 1778 presens,
1013 1728 1200 1767 Canonici
1244 1732 1374 1766 autem
1418 1729 1622 1767 invenient
1667 1730 1703 1767 ei

244 1781 476 1832 palefridum
503 1783 552 1820 ad
579 1782 759 1820 sinodum
787 1782 836 1820 ad
864 1782 1070 1831 capitulam
1099 1785 1137 1820 et
1174 1782 1223 1820 ad
1255 1782 1426 1820 infirmos
1463 1795 1550 1820 cum
1587 1783 1703 1820 fuerit

244 1848 396 1874 necesse
415 1839 453 1874 et
473 1836 721 1874 sustinebunt
739 1836 868 1874 omnia
887 1849 1001 1874 onera
1019 1836 1125 1873 illius
1144 1837 1299 1874 ecclesie
1319 1836 1450 1874 debita
1469 1840 1508 1874 et
1522 1841 1704 1874 consueta

246 1892 285 1927 et
303 1889 461 1927 habebit
479 1890 644 1928 vicarius
662 1903 839 1928 mansum
866 1894 974 1927 extra
992 1893 1142 1939 portam
1161 1891 1349 1939 prioratus
1369 1903 1483 1940 quem
1512 1890 1704 1928 Henricus

245 1943 348 1981 filius
361 1943 531 1982 Simonis
545 1944 671 1982 tenuit
686 1956 801 1993 quem
820 1943 995 1981 canonici
1013 1944 1050 1981 ei
1067 1944 1280 1982 invenient.

838 2013 854 2030 ὕ
865 2013 901 2038 In
912 2020 930 2039 a.
941 2013 1015 2039 later
1026 2013 1112 2039 hand.

329 2110 697 2145 BLAKOLUESLE,
751 2101 906 2139 Vicaria
932 2101 975 2139 in
1002 2101 1159 2139 ecclesia
1186 2101 1234 2139 de
1261 2101 1505 2140 Blakoluesle
1537 2114 1612 2152 que
1644 2105 1703 2140 est

248 2153 596 2204 Hospitalariorum
646 2152 870 2206 [Rotulatur
898 2155 1091 2193 ordinacio
1119 2155 1237 2204 hujus
1282 2156 1423 2193 vicarie
1468 2156 1510 2193 in
1557 2156 1701 2194 Rotulo

247 2208 406 2246 Roberti
425 2209 619 2258 quondam
646 2208 822 2247 Lincoln'
849 2210 1018 2259 episcopi
1045 2222 1146 2247 anno
1174 2210 1414 2259 episcopatus
1441 2210 1524 2259 ejus
1548 2210 1639 2259 viij⁰
1656 2211 1704 2248 de

246 2261 613 2316 institutionibus.·*]
837 2316 853 2334 a
870 2315 885 2342 1
944 2315 955 2341 l
973 2317 987 2341 t
1028 2316 1048 2341 h
1087 2316 1105 2342 d

886 2322 935 2342 na
956 2323 973 2342 8.
988 2322 1017 2341 Εἴ
1049 2322 1086 2341 an
1108 2335 1115 2342 .

331 2412 660 2447 PATESHULLE,
715 2403 869 2442 Vicaria
887 2404 928 2441 in
940 2404 1103 2442 *ecclesia
1122 2403 1170 2441 de
1182 2403 1382 2442 Pateshull
1401 2416 1475 2454 que
1494 2408 1551 2443 est
1569 2405 1705 2455 prioris

247 2459 285 2494 et
305 2457 571 2495 canonicorum
585 2457 632 2496 de
651 2458 906 2507 Dunestapell
921 2459 1145 2496 auctoritate
1164 2458 1317 2496 concilii
1336 2458 1511 2496 ordinata
1530 2460 1705 2497 consistit

246 2510 290 2547 in
308 2510 431 2547 tribus
449 2510 606 2560 virgatis
633 2514 730 2549 terre
758 2515 796 2550 et
823 2524 955 2549 manso
983 2515 1221 2562 competente
1242 2515 1280 2550 et
1298 2512 1341 2549 in
1359 2512 1564 2550 medietate
1582 2514 1703 2551 totius

247 2564 427 2612 altaragii.
485 2565 537 2602 Et
548 2565 672 2604 solvet
685 2565 849 2604 vicarius
863 2565 1050 2604 sinodalia
1063 2569 1217 2604 tantum
1230 2566 1333 2615 prior
1347 2570 1475 2604 autem
1489 2566 1704 2617 hospicium

246 2618 504 2656 archidiaconi
521 2619 749 2668 procurabit.

330 2735 598 2769 BRAKKELE,
653 2726 807 2764 Vicaria
824 2727 866 2764 in
885 2726 1041 2765 ecclesia
1060 2727 1107 2764 de
1126 2726 1308 2765 Brackele
1326 2740 1400 2777 que
1419 2730 1477 2765 est
1496 2727 1646 2766 abbatis
1665 2731 1704 2767 et

247 2783 458 2819 conventus
477 2780 671 2818 Leircestr'
691 2781 916 2819 auctoritate
944 2781 1096 2819 concilii
1123 2781 1298 2819 ordinata
1325 2782 1500 2819 consistit
1524 2782 1567 2819 in
1586 2782 1702 2820 tercia

247 2836 354 2883 parte
386 2833 531 2871 decime
561 2834 761 2884 garbarum
789 2835 837 2873 de
871 2834 1042 2872 Brackel'
1074 2838 1113 2872 et
1140 2835 1188 2872 de
1216 2835 1337 2873 Halso
1365 2838 1403 2873 et
1430 2836 1471 2872 in
1498 2835 1704 2874 medietate

247 2887 513 2936 altaragiorum
528 2900 614 2926 cum
627 2901 760 2926 manso
775 2889 916 2927 vicario
932 2889 1132 2939 assignatO.
1168 2888 1357 2928 Consistit
1370 2889 1488 2927 eciam
1500 2890 1542 2926 in
1555 2890 1703 2927 duabus
