1844 3178
712 336 918 370 Hueoms
947 336 1110 369 WELLS.
1606 324 1660 366 87

202 437 240 472 et
259 434 490 473 instituendi
508 435 693 474 vicarium
711 437 938 485 perpetuum
957 434 999 471 in
1025 433 1156 471 eadem
1175 432 1290 470 talem
1310 431 1352 469 in
1371 444 1414 469 ea
1431 431 1515 470 viee
1533 437 1663 472 nostra

201 487 292 525 fecit
311 488 596 527 ordinacionem
615 492 653 527 et
671 489 940 538 provisionem,
961 487 1141 525 videlicet
1166 486 1269 535 quod
1288 485 1451 523 vicarius
1471 486 1513 523 in
1532 487 1662 525 eadem

201 541 358 579 ecclesia
376 546 559 592 perpetuo
580 542 864 580 ministraturus
882 541 950 590 qui
969 554 1097 578 curam
1116 540 1273 578 habebit
1292 539 1504 577 animarum
1523 540 1662 579 habeat

200 597 327 633 totum
346 596 571 646 altaragium
590 599 628 634 et
649 599 770 634 totam
789 598 928 633 terram
947 595 996 632 ad
1016 594 1177 632 eandem
1196 593 1390 631 ecclesiam
1405 593 1662 642 pertinentem

201 661 288 686 cum
315 649 493 688 domibus
522 654 560 688 et
589 650 673 688 aliis
700 648 946 699 pertinenciis
974 648 1153 686 omnibus
1181 650 1219 685 et
1245 646 1489 685 libertatibus
1517 648 1596 684 suis
1618 648 1660 685 in

199 702 318 751 pratis
337 704 486 752 pascuis
505 704 670 753 pasturis
690 707 728 741 et
748 703 928 741 turbariis
942 703 1010 751 qui
1028 701 1276 739 residenciam
1294 700 1335 737 in
1355 700 1487 738 eadem
1505 701 1661 739 ecclesia

199 756 314 794 faciet
326 760 363 794 et
376 758 417 794 in
428 758 581 808 propria
591 770 750 807 persona
761 758 803 794 in
816 757 937 794 officio
950 755 1173 793 sacerdotali
1184 754 1428 792 ministrabit.
1469 755 1511 790 M
1516 755 1659 792 oniales

199 821 288 848 vero
308 810 443 849 domus
463 811 510 849 de
530 811 842 860 Semplingeham
869 811 1016 859 integre
1043 808 1255 859 percipient
1274 808 1438 846 decimas
1458 808 1657 857 garbarum

198 863 369 912 ejusdem
384 865 562 914 parochie
577 868 615 902 et
631 864 817 902 sinodalia
832 864 983 902 solvent
1001 863 1216 912 hospicium
1229 861 1495 900 Archdiacono
1515 862 1659 900 facient

197 920 235 954 et
263 917 392 956 omnia
418 919 493 956 alia
520 932 634 957 onera
670 918 842 967 ejusdem
869 917 1025 955 ecclesie
1063 916 1320 955 sustinebunt.
1379 915 1503 953 Juxta
1541 928 1657 965 quam

198 971 456 1020 provisionem
493 972 597 1010 idem
634 972 817 1010 Officialis
848 975 977 1009 noster
1008 971 1058 1008 ad
1093 970 1418 1020 presentacionem
1447 969 1492 1007 G.
1522 970 1659 1019 prioris

199 1024 345 1062 ordinis
382 1025 431 1063 de
468 1025 779 1076 Semplingeham
807 1028 846 1063 et
873 1025 1044 1075 ejusdem
1071 1024 1147 1062 loci
1176 1027 1386 1062 conventus
1422 1023 1563 1061 factam
1591 1036 1659 1073 per

200 1077 241 1115 N
241 1078 433 1117 icholaum
465 1080 690 1118 canonicum
715 1079 894 1129 ejusdem
927 1079 1062 1116 domus
1094 1078 1145 1116 ad
1173 1078 1246 1115 hoc
1278 1080 1560 1127 procuratorem
1579 1078 1659 1115 des-

199 1132 367 1170 tinatum
381 1133 430 1171 ad
442 1134 623 1172 vicariam
635 1134 939 1183 prenominatam
950 1132 1163 1170 Robertum
1176 1131 1222 1169 de
1238 1132 1403 1181 Ouneby
1417 1131 1658 1180 capellanum

200 1185 356 1224 admisit
375 1190 413 1224 et
431 1187 559 1237 ipsum
577 1188 621 1225 in
639 1187 771 1225 eadem
788 1187 972 1225 vicarium
1000 1188 1228 1236 perpetuum
1245 1186 1418 1223 instituit
1437 1185 1660 1235 dictumque

199 1239 354 1278 fratrem
390 1240 431 1278 N
433 1241 625 1279 icholaum
661 1244 859 1290 tamquam
894 1240 1062 1290 predicte
1110 1239 1246 1277 domus
1294 1243 1573 1289 procuratorem
1610 1239 1660 1276 ad

199 1294 418 1342 porcionem
438 1307 512 1344 que
533 1295 654 1333 dictas
673 1294 865 1332 Moniales
883 1298 928 1332 ut
945 1294 1161 1344 predictum
1189 1296 1247 1331 est
1274 1293 1464 1342 contingit
1492 1293 1657 1331 admisit.

200 1347 283 1385 Nos
301 1348 418 1397 igitur
437 1348 648 1398 predictam
663 1349 922 1398 provisionem
940 1351 978 1386 et
992 1347 1274 1385 ordinacionem
1292 1348 1335 1384 in
1354 1347 1485 1384 eadem
1504 1347 1661 1384 ecclesia

199 1401 248 1439 de
267 1402 497 1452 Bilingburg
515 1416 537 1441 a
555 1403 727 1452 predicto
748 1402 912 1440 Officiali
938 1405 1069 1439 nostro
1098 1401 1239 1438 factam
1266 1404 1388 1438 ratam
1415 1401 1600 1438 habentes
1621 1404 1659 1438 et

199 1458 346 1504 gratam
365 1469 447 1494 eam
466 1457 692 1495 auctoritate
711 1456 916 1506 episcopali
931 1456 1208 1493 confirmamus.
1267 1454 1395 1493 Salvis
1413 1455 1457 1491 in
1476 1454 1657 1492 omnibus

200 1508 268 1546 &c.
326 1509 416 1548 Hiis
431 1511 610 1548 Testibus
625 1510 771 1548 Thoma
789 1510 837 1547 de
851 1509 1065 1547 Fiskerton'
1081 1508 1286 1558 capellano,
1303 1508 1418 1546 Petro
1434 1508 1481 1546 de
1496 1508 1660 1546 Bathon'

201 1561 334 1600 canon'
370 1564 491 1611 Linc',
528 1564 725 1614 Magistris
761 1563 826 1601 W.
866 1563 913 1601 de
949 1562 1058 1601 Linc’
1091 1563 1133 1600 Τ.
1169 1563 1217 1599 de
1250 1562 1389 1600 Cantia
1426 1565 1465 1600 et
1497 1562 1579 1600 Ric.
1613 1561 1661 1599 de

201 1616 421 1667 Tinghurst‚
446 1618 600 1656 Olivero
620 1618 667 1655 de
687 1617 873 1666 Chedney
889 1616 975 1668 (sic)
996 1620 1034 1655 et
1055 1616 1251 1665 Stephano
1271 1616 1318 1653 de
1339 1615 1428 1654 Cic'.
1487 1615 1578 1654 Dat'
1594 1629 1661 1665 per

200 1683 337 1708 manus
365 1671 427 1710 W.
460 1672 507 1709 de
534 1672 690 1710 Tornac'
717 1671 991 1709 Archidiaconi
1019 1670 1147 1709 Stowe
1177 1670 1281 1720 apud
1307 1669 1472 1708 Lafford’
1501 1683 1554 1708 xv
1582 1669 1658 1708 kal.

201 1724 336 1774 Marcij
358 1726 604 1775 pontificatus
623 1726 745 1764 nostri
764 1738 864 1763 anno
881 1725 952 1764 ix0.

283 1841 556 1877 οΒῠιΝΑοιο
574 1833 617 1871 in
634 1845 657 1871 v
670 1833 850 1882 partibus
868 1832 1013 1871 ecclesie
1031 1832 1078 1870 de
1093 1831 1269 1869 Amewic.

284 1886 475 1924 Omnibus
511 1886 578 1925 &a
636 1887 800 1925 Noverit
845 1886 1076 1925 universitas
1120 1888 1247 1923 vestra
1282 1884 1386 1934 quod
1422 1885 1585 1923 dilectus
1621 1886 1663 1923 in

204 1939 359 1979 Christo
386 1939 490 1978 filius
518 1940 701 1990 Magister
719 1940 956 1990 Reginaldus
983 1940 1031 1978 de
1059 1939 1178 1979 Cestr'
1203 1938 1386 1977 Officialis
1412 1943 1542 1977 noster
1570 1939 1664 1977 dum

204 2006 371 2032 essemus
389 1994 432 2030 in
458 1995 634 2043 partibus
661 1994 925 2032 transmarinis
953 1993 1177 2032 auctoritate
1195 1993 1227 2031 ei
1249 2006 1271 2030 a
1298 1993 1411 2031 nobis
1431 2006 1607 2031 concessa
1626 1996 1665 2031 et

205 2047 404 2086 commissa
423 2048 628 2086 ordinandi
656 2052 694 2086 et
720 2049 979 2098 provisionem
1006 2047 1175 2085 faciendi
1201 2047 1244 2084 in
1262 2060 1288 2086 v
1307 2047 1481 2096 partibus
1509 2047 1665 2085 ecclesie

205 2102 253 2139 de
281 2101 453 2139 Amewic
487 2105 525 2139 et
557 2102 788 2140 instituendi
819 2102 1005 2141 vicarium
1036 2104 1264 2151 perpetuum
1296 2101 1340 2138 in
1371 2101 1525 2148 eisdem,
1558 2101 1665 2139 salva

205 2155 375 2193 Roberto
389 2155 425 2192 le
437 2155 585 2205 Simple
599 2156 732 2194 clerico
745 2159 853 2194 sexta
866 2159 972 2206 parte
986 2155 1091 2193 illius
1106 2155 1260 2192 ecclesie
1274 2167 1390 2203 quam
1404 2155 1530 2202 habet,
1548 2155 1665 2192 talem

204 2210 289 2248 vice
308 2211 439 2247 nostra
456 2209 548 2248 fecit
566 2210 824 2260 provisionem
837 2214 876 2247 et
890 2210 1175 2247 ordinacionem
1189 2207 1369 2247 videlicet
1383 2209 1488 2258 quod.
1501 2209 1666 2247 vicarius

206 2266 413 2313 perpetuus
431 2263 580 2301 racione
599 2264 768 2314 predicte
786 2264 977 2313 porcionis
994 2263 1038 2301 in
1056 2263 1189 2300 eadem
1208 2262 1363 2300 ecclesia
1382 2263 1667 2300 ministraturus

206 2317 365 2355 habebit
392 2320 519 2355 totum
545 2318 770 2368 altaragium
800 2331 828 2356 v
854 2318 1022 2368 partium
1052 2317 1158 2354 illius
1186 2316 1351 2363 ecclesie,
1382 2316 1598 2354 oblaciones
1631 2319 1669 2354 et

208 2371 464 2409 obvenciones
492 2384 632 2410 omnes.
690 2372 866 2410 Preterea
893 2372 1059 2409 decimas
1076 2371 1277 2421 garbarum
1305 2370 1353 2408 de
1371 2373 1454 2408 toto
1476 2370 1668 2408 dominico

208 2425 380 2473 ejusdem
407 2425 500 2463 ville
531 2428 570 2464 et
599 2426 764 2464 decimas
794 2426 910 2463 unius
940 2426 1079 2463 bovate
1107 2428 1205 2462 terre
1235 2437 1351 2474 quam
1378 2424 1498 2462 Fulco
1527 2425 1665 2462 tenuit.

209 2478 381 2516 Habebit
393 2479 513 2516 eciam
523 2482 644 2518 totam
663 2483 801 2517 terram
818 2482 1054 2529 spectantem
1072 2478 1122 2516 ad
1140 2491 1167 2517 v
1185 2482 1311 2528 partes
1330 2478 1502 2528 ejusdem
1516 2479 1671 2516 ecclesie

210 2545 298 2570 cum
312 2533 431 2582 pratis
445 2533 595 2582 pascuis
610 2537 648 2571 et
662 2534 826 2584 pasturis
841 2537 880 2571 et
890 2533 1070 2571 turbariis
1082 2536 1121 2570 et
1135 2532 1314 2570 omnibus
1328 2532 1412 2570 aliis
1424 2532 1671 2581 pertinenciis

211 2589 249 2624 et
285 2586 529 2624 libertatibus
565 2588 654 2626 suis.
712 2587 823 2625 Prior
858 2591 987 2625 autem
1023 2589 1062 2624 et
1100 2586 1285 2625 Canonici
1322 2589 1360 2624 et
1397 2587 1587 2624 Moniales
1624 2586 1672 2623 de

212 2640 452 2678 Haverholm
470 2643 596 2678 totum
615 2641 812 2679 residuum
830 2642 873 2679 in
892 2641 1049 2678 decimis
1076 2640 1277 2689 garbarum
1295 2640 1442 2690 integre
1460 2640 1673 2689 percipient

212 2694 262 2731 ad
281 2698 416 2743 potum
434 2707 556 2733 suum.
614 2695 880 2734 Providebunt
900 2695 1019 2732 eciam
1047 2697 1305 2743 competenter
1332 2694 1487 2732 ecclesie
1504 2694 1674 2743 predicte

211 2747 256 2785 in
284 2748 394 2785 libris
423 2751 461 2786 et
489 2750 721 2787 ornamentis
755 2762 842 2787 cum
870 2761 1022 2787 necesse
1052 2749 1169 2786 fuerit
1201 2751 1239 2786 et
1271 2748 1314 2785 in
1346 2748 1490 2785 fabrica
1518 2748 1676 2786 cancelli

216 2801 445 2839 sustinenda
477 2801 692 2852 hospicium
725 2803 1007 2841 Archidiacono
1043 2802 1186 2840 facient
1223 2805 1262 2840 et
1298 2802 1427 2839 omnia
1457 2801 1533 2840 alia
1564 2814 1678 2839 onera

217 2856 467 2894 sustinebunt
491 2861 617 2907 preter
635 2857 823 2896 sinodalia
850 2870 925 2907 que
952 2859 1106 2895 tantum
1132 2856 1296 2894 vicarius
1324 2856 1447 2895 solvet
1465 2856 1675 2894 annuatim.
