1844 3178
181 320 206 359 2
706 327 841 361 LIBER
871 327 1106 368 ANTIQUUS

177 428 380 468 invenient
398 427 520 477 ipsius
540 426 722 477 obsequio
742 425 969 476 deputatum
987 438 1083 476 quos
1100 425 1143 463 in
1163 424 1341 463 omnibus
1363 424 1443 463 suis
1464 422 1640 474 expensis

179 482 450 533 procurabunt.
508 481 591 520 Ubi
610 483 738 519 autem
757 493 838 518 non
858 480 1004 518 fuerint
1032 479 1206 518 canonici
1231 478 1452 526 residentes,
1482 477 1641 516 clericus

180 537 249 587 qui
287 539 331 573 ut
367 535 629 585 supradictum
669 537 727 572 est
772 534 949 583 expensis
985 534 1156 583 ipsorum
1192 532 1459 582 procurabitur
1495 531 1642 570 clavem

181 590 327 629 deferet
359 589 402 626 in
433 589 545 627 domo
574 601 704 627 eorum
732 590 771 625 et
798 600 926 625 curam
953 587 1113 625 habebit
1144 586 1304 624 liberam
1338 588 1383 623 ut
1416 598 1484 635 per
1514 586 1643 635 ipsum

180 644 321 683 vicario
335 642 566 681 sufficienter
576 643 619 680 in
632 641 864 680 victualibus
876 644 914 679 et
925 640 1131 679 honorifice
1142 639 1352 678 necessaria
1363 639 1640 678 ministrentur.

183 697 370 736 Canonici
389 697 509 734 eciam
528 697 653 734 eidem
671 695 813 734 vicario
832 707 974 744 equum
991 694 1193 733 invenient
1211 693 1365 744 quocies
1389 706 1458 743 pro
1476 693 1643 742 negociis

183 764 314 790 eorum
334 753 372 788 et
391 750 545 789 ecclesie
572 749 689 787 fuerit
716 749 955 799 profecturus
982 751 1063 786 tam
1090 748 1139 786 ad
1167 747 1335 798 capitula
1361 759 1478 797 quam
1501 747 1552 785 ad
1569 746 1644 785 alia

182 818 334 843 necnon
353 807 392 842 et
411 804 540 842 omnia
558 816 674 842 onera
692 802 930 853 singularum
948 802 1191 840 ecclesiarum
1209 801 1466 840 sustinebunt.

266 921 305 955 Β.
329 921 478 955 ΜΑΗΙΕ
504 920 671 960 MAG-D„
697 918 865 953 OXON'.
903 909 1057 948 Vicaria
1067 909 1111 948 in
1122 908 1278 948 ecclesia
1291 907 1466 947 S.Marie
1478 906 1645 957 Magdal'

185 965 309 1005 Oxon'
347 968 456 1003 extra
491 967 641 1014 portam
677 962 950 1012 Aquilonalem
988 976 1064 1013 que
1103 965 1161 1001 est
1188 963 1380 1001 dictorum
1414 961 1581 999 Abbatis
1608 963 1647 999 et

184 1019 465 1059 Canonicorum
494 1018 606 1056 Osen'
636 1017 811 1055 consistit
839 1020 883 1055 ut
911 1030 1026 1067 supra
1052 1017 1129 1055 nisi
1155 1017 1265 1055 aliter
1283 1016 1385 1053 inter
1402 1015 1589 1054 vicarium
1608 1018 1647 1053 et

183 1074 384 1112 canonicos
396 1073 443 1111 de
455 1084 642 1111 consensu
654 1071 836 1121 Episcopi
847 1071 1086 1111 convenerit:
1101 1073 1139 1109 et
1151 1070 1292 1109 sufficit
1303 1082 1404 1108 unus
1416 1069 1644 1120 capellanus,

263 1188 304 1222 S.
339 1186 492 1226 EG!D!!‚
525 1184 693 1219 OXON’.
730 1176 885 1216 Vicaria
911 1178 954 1216 in
986 1178 1156 1217 Ecclesia
1187 1178 1225 1217 S.
1255 1177 1386 1229 Egidii
1416 1177 1541 1215 Oxon’
1574 1189 1649 1227 que

183 1238 242 1274 est
262 1233 470 1272 Abbatisse
497 1235 536 1270 et
564 1232 792 1270 monialium
819 1233 867 1270 de
896 1232 1127 1271 Godestowa
1154 1232 1202 1271 de
1228 1244 1416 1270 consensu
1434 1244 1564 1269 earum
1582 1243 1650 1280 per

183 1289 400 1339 predictum
435 1286 671 1336 Episcopum
708 1286 935 1325 auctoritate
977 1286 1131 1325 concilii
1167 1286 1354 1333 ordinata,
1393 1285 1571 1323 consistit
1607 1285 1650 1322 in

183 1341 388 1381 medietate
402 1341 522 1379 totius
541 1340 714 1390 altaragii
729 1353 816 1378 cum
830 1343 913 1378 tota
928 1340 1075 1379 decima
1090 1343 1260 1379 ortorum
1277 1339 1362 1391 (sic)
1380 1339 1549 1389 exceptis
1562 1338 1651 1377 lana

184 1401 223 1435 et
244 1397 325 1434 lino
340 1395 449 1445 agnis
468 1398 506 1432 et
525 1394 682 1432 candela
699 1395 743 1432 in
761 1394 824 1432 die
842 1394 1127 1433 Purificationis
1142 1395 1186 1433 B.
1209 1394 1383 1444 Virginis
1401 1393 1651 1444 proveniente

185 1464 279 1501 quas
297 1449 483 1488 moniales
511 1449 659 1498 integre
687 1449 901 1498 percipient
931 1452 970 1486 et
999 1449 1160 1486 habebit
1188 1448 1353 1487 vicarius
1380 1460 1557 1485 mansum
1581 1447 1652 1485 ubi

185 1505 405 1555 capellanus
436 1502 590 1540 ecclesie
627 1502 774 1540 solebat
810 1502 983 1541 habitare
1015 1515 1083 1552 pro
1123 1515 1199 1552 quo
1237 1502 1360 1541 solvet
1392 1501 1547 1540 ecclesie
1582 1513 1652 1539 sex

187 1558 363 1597 denarios
380 1556 590 1595 annuatim.
652 1556 785 1595 Solvet
800 1556 920 1594 eciam
938 1556 1127 1595 sinodalia
1144 1559 1299 1595 tantum
1317 1559 1356 1594 et
1374 1555 1559 1594 moniales
1577 1554 1652 1593 alia

185 1613 308 1663 ipsius
330 1611 485 1650 ecclesie
505 1623 619 1648 onera
641 1610 899 1649 sustinebunt.

272 1726 483 1760 BARTON.
521 1718 676 1756 Vicaria
711 1718 754 1755 in
799 1717 954 1756 ecclesia
1000 1718 1048 1756 de
1087 1717 1257 1756 Bartona
1293 1730 1367 1767 que
1403 1717 1561 1767 quidem
1597 1720 1655 1755 est

188 1773 356 1813 Abbatis
375 1776 413 1811 et
433 1773 659 1812 Conventus
680 1771 793 1810 Osen'
813 1784 880 1822 per
900 1771 1116 1822 predictum
1144 1772 1345 1810 dominum
1373 1772 1580 1822 Hugonem
1607 1771 1656 1808 de

190 1840 380 1866 consensu
394 1826 554 1876 capituli
568 1826 628 1864 sui
640 1825 746 1864 Linc’
759 1826 852 1875 ipsis
866 1826 914 1864 ad
929 1826 1252 1864 sustentacionem
1274 1838 1485 1876 pauperum
1505 1828 1542 1863 et
1554 1838 1656 1875 pere-

190 1882 386 1932 grinorum
405 1880 582 1919 similiter
600 1893 687 1918 cum
707 1880 851 1929 capella
870 1880 918 1918 de
938 1879 1144 1918 Saumford
1164 1881 1395 1928 confirmata,
1419 1879 1594 1918 consistit
1613 1879 1656 1916 in

190 1940 272 1974 toto
292 1935 473 1984 altaragio
494 1934 648 1972 ecclesie
668 1933 716 1971 de
734 1934 880 1972 Barton
907 1946 996 1972 cum
1023 1934 1184 1972 dimidia
1211 1934 1305 1972 hida
1331 1937 1430 1972 terre
1457 1934 1506 1971 ad
1532 1933 1657 1982 ipsam

192 1990 387 2028 ecclesiam
406 1989 622 2038 pertinente
642 1990 681 2026 et
708 2000 796 2026 cum
824 1988 937 2026 domo
965 2000 1080 2037 quam
1108 1988 1274 2026 Thomas
1301 2000 1419 2026 senex
1438 1988 1591 2025 tenuit:
1619 1990 1657 2025 et

192 2044 399 2082 sustinebit
425 2043 591 2081 vicarius
618 2042 748 2080 omnia
775 2054 889 2080 onera
915 2041 1038 2092 ipsius
1074 2042 1230 2080 ecclesie
1253 2042 1384 2080 debita
1411 2045 1450 2079 et
1477 2044 1658 2079 consueta

193 2101 318 2148 preter
337 2097 553 2147 hospicium
571 2095 844 2134 Archidiaconi
859 2096 964 2146 quod
980 2096 1166 2136 Canonici
1192 2096 1356 2146 predicti
1373 2095 1657 2146 procurabunt:

193 2155 232 2191 et
250 2150 392 2191 sufficit
409 2151 467 2189 ibi
485 2163 586 2189 unus
604 2150 833 2200 capellanus.

279 2265 502 2300 οΑΡΕΙ.Ι.Α
523 2265 585 2298 ΟΕ
602 2264 890 2299 8ΑυΜΡΟΒῠ.
926 2257 1082 2295 Vicaria
1125 2257 1169 2296 in
1213 2257 1385 2308 predicta
1430 2257 1575 2308 capella
1611 2257 1660 2295 de

198 2312 406 2353 Saumford
424 2311 600 2350 consistit
617 2312 661 2349 in
679 2311 859 2350 omnibus
886 2311 1189 2350 obvencionibus
1215 2312 1344 2350 altaris
1372 2311 1495 2350 eidem
1518 2311 1660 2361 capelle

199 2380 288 2406 cum
318 2366 479 2404 minutis
511 2365 668 2403 decimis
701 2368 740 2404 et
770 2365 814 2403 in
844 2368 1009 2415 quatuor
1040 2366 1135 2404 acris
1163 2368 1202 2403 et
1229 2365 1391 2404 dimidia
1418 2365 1466 2404 ad
1500 2365 1661 2404 eandem

200 2420 384 2471 capellam
411 2419 717 2469 pertinentibus:
746 2422 786 2458 et
813 2419 1020 2458 sustinebit
1046 2419 1211 2458 vicarius
1240 2420 1368 2459 omnia
1397 2432 1512 2458 onera
1538 2419 1661 2469 ipsius

201 2475 344 2525 capelle
359 2474 489 2511 debita
508 2476 547 2511 et
565 2476 746 2511 consueta
764 2476 890 2523 preter
907 2473 1123 2524 hospicium
1150 2473 1425 2512 Archidiaconi
1443 2473 1548 2523 quod
1567 2473 1662 2511 dicti

202 2528 389 2569 Canonici
405 2526 517 2566 Osen'
536 2528 795 2577 procurabunt
811 2541 820 2566 ε
846 2527 961 2565 faciet
980 2527 1099 2565 eciam
1118 2528 1260 2577 capelle
1275 2528 1322 2566 de
1337 2527 1530 2566 Ledewell
1548 2529 1662 2577 prout

202 2583 317 2621 debet
338 2581 518 2620 deserviri
537 2585 575 2619 et
593 2582 778 2631 percipiet
795 2581 952 2620 terciam
979 2584 1126 2631 partem
1154 2582 1327 2620 omnium
1354 2582 1587 2620 decimarum
1614 2580 1662 2619 de

204 2637 328 2686 gracia
356 2635 669 2686 proveniencium
695 2648 764 2685 pro
789 2635 976 2686 capellani
994 2635 1300 2675 sustentacione:
1328 2639 1367 2674 et
1385 2636 1435 2674 ad
1452 2635 1663 2685 predictam

204 2691 281 2729 duo
301 2690 488 2740 capellani
506 2692 598 2728 sunt
616 2689 826 2728 necessarii.

289 2803 595 2839 DONOS‘UWA.
632 2797 785 2835 Vicaria
802 2797 846 2835 in
864 2796 1021 2835 ecclesia
1039 2796 1086 2835 de
1104 2797 1334 2835 Dunestiwa
1351 2809 1426 2847 que
1443 2799 1501 2835 est
1519 2795 1664 2834 Prioris

205 2854 244 2890 et
264 2852 544 2892 Canonicorum
563 2851 610 2888 de
629 2850 784 2888 Merton
802 2851 977 2889 consistit
995 2851 1038 2889 in
1051 2853 1134 2889 toto
1162 2851 1342 2900 altaragio
1368 2854 1406 2889 et
1424 2851 1467 2889 in
1485 2850 1664 2889 omnibus
