1844 3178
733 326 937 360 HUGONIS
968 327 1132 360 WELLS.
1611 320 1663 357 85

208 439 298 464 usus
318 426 600 475 imperpetuum
619 428 740 464 totam
760 425 945 463 decimam
973 424 1172 475 garbarum
1200 424 1248 462 de
1267 423 1468 461 dominicis
1488 424 1665 475 Hugonis

208 480 256 517 de
278 479 420 517 Alneto
449 484 487 517 et
515 480 720 517 Willielmi
746 480 782 517 16
810 479 971 526 Mansel,
1005 482 1042 516 et
1070 491 1201 516 omnes
1228 478 1397 516 minutas
1426 478 1590 517 decimas
1619 481 1666 518 de

208 534 311 571 curia
343 533 438 571 dicti
465 534 600 583 prioris
631 534 674 571 in
706 533 838 572 eadem
868 533 971 580 villa,
994 536 1032 570 et
1059 533 1302 570 medietatem
1328 531 1528 581 garbarum
1547 533 1666 572 totius

207 587 349 624 residui
385 588 557 636 ejusdem
595 588 783 637 parochie,
823 599 909 624 cum
946 587 1178 624 tenementis
1215 585 1419 624 Willielmi
1465 585 1512 623 de
1548 587 1664 634 Alno,

207 640 362 678 Ricardi
396 641 581 690 Bigebon‚
621 645 659 679 et
695 641 840 679 Heruei
872 644 910 678 et
943 640 1081 688 Sailde,
1118 653 1204 678 cum
1242 639 1410 677 serviciis
1447 640 1664 679 eorundem.

207 694 410 743 Reliquam
438 708 528 732 vero
556 695 801 732 medietatem
828 694 999 743 ejusdem
1028 694 1182 732 ecclesie
1210 693 1397 731 Ricardus
1417 692 1464 730 de
1484 693 1665 731 Wicstun

207 747 375 794 clericus,
396 761 510 798 quem
543 749 592 786 ad
625 761 754 786 eorum
786 748 1112 798 presentacionem
1144 747 1194 785 ad
1227 747 1386 785 eandem
1422 746 1667 785 medietatem

207 801 429 839 admisimus
449 805 486 839 et
504 803 546 840 in
565 815 609 840 ea
628 815 827 851 personam
845 802 1096 849 instituimus,
1113 804 1152 839 et
1171 813 1400 839 successores
1420 801 1479 837 sui
1498 802 1610 839 nobis
1630 805 1667 839 et

206 856 485 893 successoribus
503 856 643 893 nostris
662 869 684 893 a
708 856 879 906 predicto
907 856 1031 905 priore
1051 858 1089 893 et
1108 859 1302 893 conventu
1321 854 1359 893 S.
1382 854 1422 892 N
1425 855 1502 892 eoti
1521 867 1667 905 semper

207 910 387 958 quociens
407 910 491 959 ipsa
508 910 692 948 medietas
707 910 898 948 vacaverit
912 909 1159 960 presentandi
1173 912 1211 946 et
1230 908 1409 946 canonice
1424 909 1668 956 instituendi,

205 963 351 1012 integre
371 966 409 1001 et
427 967 611 1013 perpetuo
630 964 892 1013 possidebunt.
951 963 1035 1011 Que
1051 963 1208 1012 quidem
1227 963 1411 1000 medietas
1431 963 1607 1000 consistit
1626 964 1668 1000 in

205 1020 287 1054 tota
319 1017 393 1055 alia
424 1018 630 1055 medietate
662 1018 862 1067 garbarum
895 1017 1083 1067 parochie,
1105 1020 1143 1054 et
1175 1017 1217 1054 in
1245 1020 1328 1054 toto
1347 1016 1539 1066 altaragio,
1561 1020 1598 1055 et
1625 1018 1668 1054 in

205 1074 425 1108 tenemento
453 1071 659 1109 Willielmi
688 1071 871 1110 Monachi
900 1074 938 1108 et
965 1071 1113 1108 Turbni
1142 1074 1179 1108 et
1207 1071 1386 1119 Hugonis
1410 1070 1561 1109 Sutoris
1581 1073 1668 1108 cum

206 1125 375 1162 serviciis
394 1125 612 1163 eorundem.
671 1124 916 1175 Mesuagium
935 1125 1054 1162 eciam
1073 1137 1160 1162 cum
1181 1125 1340 1174 gardino
1360 1124 1465 1173 quod
1483 1124 1670 1174 Magister

206 1177 400 1216 Guarinus
427 1180 554 1217 tenuit
581 1179 629 1217 de
657 1179 849 1217 dominico
869 1179 910 1219 S.
933 1179 1059 1226 Necti,
1080 1179 1179 1216 sicut
1200 1191 1308 1216 muro
1331 1182 1369 1215 et
1388 1178 1530 1216 fossato
1550 1179 1670 1216 inclu-

206 1232 322 1279 ditur,
343 1236 609 1270 concesserunt
642 1233 768 1271 dictus
802 1233 905 1283 prior
936 1235 975 1270 et
1007 1236 1219 1271 conventus
1246 1232 1417 1281 predicto
1438 1232 1602 1270 Ricardo
1632 1236 1670 1270 et

205 1287 483 1324 successoribus
519 1287 598 1325 suis
634 1287 921 1337 imperpetuum
957 1286 1198 1336 possidenda.
1268 1286 1446 1324 Preterea
1482 1286 1670 1324 decimam

205 1340 514 1378 molendinorum
554 1341 676 1390 ipsius
714 1341 891 1391 parochie
929 1344 967 1378 et
1012 1341 1171 1390 insuper
1216 1352 1443 1389 quecunque
1489 1341 1669 1390 deinceps

204 1394 404 1443 adquirere
422 1396 601 1444 potuerit,
622 1398 818 1444 tamquam
841 1395 907 1444 jus
936 1397 973 1432 et
1000 1394 1255 1444 pertinencias
1277 1394 1431 1431 ecclesie
1450 1399 1668 1442 memorate,

204 1449 306 1485 inter
320 1461 359 1486 se
374 1449 485 1498 plene
501 1451 538 1486 et
552 1448 717 1486 fideliter
732 1448 1006 1495 dimidiabunt,
1022 1453 1060 1486 et
1074 1448 1203 1485 omnia
1218 1460 1332 1485 onera
1346 1451 1426 1485 tam
1441 1449 1670 1498 episcopalia

205 1505 243 1539 et
275 1502 593 1540 archidiaconalia
628 1515 744 1552 quam
775 1502 850 1540 alia
879 1502 1044 1551 quilibet
1076 1514 1144 1551 pro
1176 1502 1355 1551 porcione
1388 1514 1456 1539 sua
1485 1502 1670 1551 equaliter

205 1556 462 1594 sustinebunt.
521 1556 648 1595 Salvis
674 1557 717 1593 in
745 1556 924 1593 omnibus
952 1555 1018 1594 &a
1076 1555 1129 1593 Et
1155 1559 1200 1593 ut
1228 1555 1298 1593 hec
1326 1558 1456 1593 nostra
1475 1557 1668 1594 concessio

204 1609 272 1648 &a
331 1610 510 1648 'restibus
542 1613 580 1648 et
607 1609 698 1648 Dat’
728 1614 772 1648 ut
805 1622 919 1660 supra
949 1610 992 1647 in
1026 1612 1128 1648 carta
1145 1609 1244 1659 viija.
1267 1609 1515 1659 pontificatus
1547 1611 1670 1648 nostri

204 1676 305 1702 anno
324 1676 436 1702 nono.

286 1770 350 1803 Cs-
372 1770 416 1803 ΙΝ
440 1769 681 1804 ΕΟΟΙ-ΕΒΙΑ
701 1770 763 1803 ΟΕ
783 1769 1103 1803 DoNlNGTON‘.

284 1813 488 1851 Universis
508 1814 568 1852 Soc.
626 1813 792 1851 Noverit
811 1813 1042 1850 universitas
1061 1815 1187 1850 vestra
1206 1824 1276 1850 nos
1296 1812 1344 1850 de
1359 1825 1516 1851 assensu
1530 1813 1671 1864 Rogeri

204 1867 352 1905 Decani
384 1870 423 1905 et
442 1867 616 1916 Capituli
647 1867 769 1913 nostri
797 1866 904 1904 Linc'
925 1866 1057 1904 divine
1089 1867 1244 1916 pietatis
1276 1867 1426 1904 intuitu
1454 1867 1603 1905 dedisse
1632 1873 1671 1906 et

205 1921 433 1959 concessisse
452 1921 603 1958 dilectis
622 1921 665 1958 111
686 1921 840 1959 Christo
860 1920 950 1958 filiis
968 1921 1087 1970 priori
1107 1923 1145 1958 et
1165 1921 1373 1958 conventui
1392 1921 1439 1959 de
1459 1922 1670 1960 Trentham

204 1978 359 2012 centum
378 1975 521 2012 solidos
539 1975 581 2012 in
606 1974 762 2012 ecclesia
790 1975 837 2012 de
857 1973 1098 2024 Dunington’
1119 1987 1193 2024 que
1222 1974 1269 2012 de
1289 1987 1418 2012 eorum
1438 1979 1494 2013 est
1514 1976 1671 2014 advoca-

204 2029 312 2066 cione
332 2029 533 2066 annuatim
561 2029 718 2066 nomine
745 2028 921 2078 perpetui
948 2028 1125 2065 beneficii
1151 2028 1416 2078 percipiendos
1443 2042 1510 2079 per
1532 2043 1670 2068 manus

205 2083 345 2121 Salom'
383 2083 569 2133 capellani
605 2095 719 2132 quem
764 2082 815 2120 ad
851 2082 1176 2131 presentacioncm
1212 2083 1421 2120 eorundem
1456 2084 1594 2133 prioris
1626 2088 1670 2121 et

204 2139 417 2175 conventus
454 2137 503 2175 ad
539 2137 699 2174 eandem
736 2136 933 2174 ecclesiam
969 2136 1195 2174 admisimus
1233 2140 1271 2174 et
1306 2137 1349 2174 111
1387 2150 1430 2174 ea
1467 2150 1668 2187 personam

203 2191 456 2238 instituimus,
473 2194 511 2229 et
530 2203 787 2228 successorum
800 2203 955 2228 suorum
975 2190 1043 2239 qui
1060 2203 1129 2240 pro
1148 2193 1318 2240 tempore
1337 2191 1510 2228 instituti
1523 2192 1668 2230 fuerint

202 2245 244 2282 in
277 2245 419 2284 eadem.
478 2245 604 2283 Debet
635 2248 763 2282 autem
795 2245 900 2282 idem
932 2244 1124 2294 Sampson
1156 2243 1242 2296 (szc)
1277 2248 1315 2282 et
1344 2257 1575 2284 successores
1608 2247 1669 2284 sui

203 2299 331 2336 omnia
359 2311 473 2337 onera
504 2302 585 2337 tam
618 2298 847 2349 episcopalia
879 2311 995 2347 quam
1028 2298 1345 2336 archidiaconalia
1377 2299 1482 2337 illius
1514 2300 1668 2338 ecclesie

202 2354 401 2391 sustinere.
460 2353 587 2392 Salvis
605 2352 648 2390 in
670 2353 849 2390 omnibus
869 2352 936 2404 &03
996 2352 1048 2390 Et
1075 2356 1120 2390 ut
1147 2352 1217 2390 hec
1245 2353 1436 2392 concessio
1454 2357 1585 2392 nostra
1604 2355 1664 2393 Sec.

202 2406 380 2445 Testibus
399 2410 438 2445 et
456 2406 547 2445 Dat'
566 2409 611 2445 ut
629 2419 744 2457 supra
762 2407 805 2445 in
824 2410 925 2445 carta
943 2419 1058 2454 nona,
1077 2419 1179 2445 anno
1197 2419 1311 2446 nono.

282 2524 306 2558 d
327 2524 527 2559 Aurffius
545 2515 588 2553 in
607 2515 807 2553 medietate
825 2515 970 2553 ecclesie
989 2515 1034 2552 de
1052 2515 1208 2564 Beseby.

282 2568 486 2607 Universis
524 2568 584 2607 &c.
644 2569 810 2607 Noverit
856 2569 1086 2607 universitas
1119 2573 1247 2607 vestra
1283 2581 1354 2607 nos
1391 2569 1439 2607 de
1477 2583 1665 2608 consensu

202 2622 342 2673 Rogeri
369 2622 518 2660 Decani
545 2626 584 2661 et
610 2619 782 2672 Capituli
800 2622 908 2660 Linc’
928 2623 1060 2661 divine
1093 2623 1249 2672 pietatis
1281 2623 1430 2661 intuitu
1457 2623 1606 2662 dedisse
1627 2628 1665 2663 et

202 2676 430 2715 concessisse
450 2676 599 2714 dilectis
618 2677 661 2714 in
680 2677 836 2716 Christo
855 2677 945 2715 filiis
964 2677 1089 2714 Priori
1108 2680 1146 2714 et
1166 2677 1388 2716 Conventui
1407 2678 1454 2715 de
1473 2678 1665 2729 Markeby

202 2744 324 2769 unum
352 2742 508 2768 aureum
538 2731 581 2768 in
616 2731 821 2770 medietate
850 2731 1005 2769 ecclesie
1032 2731 1079 2768 de
1112 2731 1273 2781 Beseby,
1303 2744 1377 2780 que
1405 2732 1589 2770 medietas
1618 2733 1666 2770 de

201 2798 332 2823 eorum
354 2784 607 2823 advocacione
631 2788 700 2833 est,
720 2785 876 2823 nomine
904 2784 1080 2835 perpetui
1107 2785 1283 2823 beneficii
1310 2785 1473 2835 singulis
1492 2787 1604 2824 annis
1625 2787 1668 2824 in

203 2839 301 2877 festo
336 2838 375 2877 S.
411 2838 614 2878 Michaelis
650 2839 940 2889 percipiendum
976 2852 1044 2891 per
1079 2852 1216 2878 manus
1252 2838 1398 2878 Thome
1435 2839 1483 2878 de
1515 2840 1556 2878 N
1558 2843 1668 2879 orton
