<?xml version="1.0" encoding="UTF-8"?>
<!DOCTYPE html PUBLIC "-//W3C//DTD XHTML 1.0 Transitional//EN"
    "http://www.w3.org/TR/xhtml1/DTD/xhtml1-transitional.dtd">
<html xmlns="http://www.w3.org/1999/xhtml" xml:lang="en" lang="en">
 <head>
  <title>
</title>
<meta http-equiv="Content-Type" content="text/html;charset=utf-8" />
  <meta name='ocr-system' content='tesseract 3.04.00' />
  <meta name='ocr-capabilities' content='ocr_page ocr_carea ocr_par ocr_line ocrx_word'/>
</head>
<body>
  <div class='ocr_page' id='page_1' title='image "./liberantiquusdeo00linc/liberantiquusdeo00linc_0116.png"; bbox 0 0 1844 3178; ppageno 0'>
   <div class='ocr_carea' id='block_1_1' title="bbox 219 338 1138 388">
    <p class='ocr_par' dir='ltr' id='par_1_1' title="bbox 219 338 1138 388">
     <span class='ocr_line' id='line_1_1' title="bbox 219 338 1138 388; baseline 0.005 -11"><span class='ocrx_word' id='word_1_1' title='bbox 219 338 301 377; x_wconf 79' lang='lat'>102</span> <span class='ocrx_word' id='word_1_2' title='bbox 737 347 875 381; x_wconf 89' lang='lat' dir='ltr'>LIBER</span> <span class='ocrx_word' id='word_1_3' title='bbox 903 347 1138 388; x_wconf 83' lang='lat' dir='ltr'><strong>ANTIQUUS</strong></span> 
     </span>
    </p>
   </div>
   <div class='ocr_carea' id='block_1_2' title="bbox 215 446 1683 2940">
    <p class='ocr_par' dir='ltr' id='par_1_2' title="bbox 299 446 1273 495">
     <span class='ocr_line' id='line_1_2' title="bbox 299 446 1273 495; baseline -0.001 -10"><span class='ocrx_word' id='word_1_4' title='bbox 299 455 553 491; x_wconf 85' lang='grc' dir='ltr'>ΒΑΜΡΤοΝ’</span> <span class='ocrx_word' id='word_1_5' title='bbox 572 459 657 485; x_wconf 80' lang='lat' dir='ltr'>cum</span> <span class='ocrx_word' id='word_1_6' title='bbox 676 446 921 485; x_wconf 76' lang='lat' dir='ltr'><em>ordinacione</em></span> <span class='ocrx_word' id='word_1_7' title='bbox 939 446 1081 486; x_wconf 75' lang='lat' dir='ltr'>vicarie</span> <span class='ocrx_word' id='word_1_8' title='bbox 1099 446 1273 495; x_wconf 68' lang='lat' dir='ltr'>ejusdcm.</span> 
     </span>
    </p>

    <p class='ocr_par' dir='ltr' id='par_1_3' title="bbox 215 500 1683 2940">
     <span class='ocr_line' id='line_1_3' title="bbox 299 500 1679 550; baseline 0 -10"><span class='ocrx_word' id='word_1_9' title='bbox 299 502 491 540; x_wconf 83' lang='lat' dir='ltr'><strong>Omnibus</strong></span> <span class='ocrx_word' id='word_1_10' title='bbox 510 501 576 539; x_wconf 72' lang='lat' dir='ltr'>&amp;a</span> <span class='ocrx_word' id='word_1_11' title='bbox 634 500 800 539; x_wconf 89' lang='lat' dir='ltr'>Noverit</span> <span class='ocrx_word' id='word_1_12' title='bbox 817 501 1046 540; x_wconf 89' lang='lat' dir='ltr'>universitas</span> <span class='ocrx_word' id='word_1_13' title='bbox 1065 503 1198 539; x_wconf 64' lang='lat' dir='ltr'>vestra&gt;</span> <span class='ocrx_word' id='word_1_14' title='bbox 1210 500 1315 550; x_wconf 91' lang='lat' dir='ltr'>quod</span> <span class='ocrx_word' id='word_1_15' title='bbox 1332 512 1403 539; x_wconf 88' lang='lat' dir='ltr'>nos</span> <span class='ocrx_word' id='word_1_16' title='bbox 1418 501 1465 539; x_wconf 90' lang='lat' dir='ltr'>de</span> <span class='ocrx_word' id='word_1_17' title='bbox 1478 501 1679 540; x_wconf 85' lang='lat' dir='ltr'>voluntate</span> 
     </span>
     <span class='ocr_line' id='line_1_4' title="bbox 219 553 1678 606; baseline 0 -12"><span class='ocrx_word' id='word_1_18' title='bbox 219 555 394 606; x_wconf 73' lang='lat' dir='ltr'>Capituli</span> <span class='ocrx_word' id='word_1_19' title='bbox 438 555 562 594; x_wconf 85' lang='lat' dir='ltr'>Exon&#39;</span> <span class='ocrx_word' id='word_1_20' title='bbox 600 567 714 604; x_wconf 90' lang='lat' dir='ltr'>super</span> <span class='ocrx_word' id='word_1_21' title='bbox 758 554 915 593; x_wconf 90' lang='grc'><strong>60616516</strong></span> <span class='ocrx_word' id='word_1_22' title='bbox 960 555 1008 593; x_wconf 90' lang='lat' dir='ltr'>de</span> <span class='ocrx_word' id='word_1_23' title='bbox 1044 553 1248 604; x_wconf 85' lang='lat' dir='ltr'>Bampton’</span> <span class='ocrx_word' id='word_1_24' title='bbox 1286 557 1325 593; x_wconf 90' lang='lat' dir='ltr'>et</span> <span class='ocrx_word' id='word_1_25' title='bbox 1370 555 1549 594; x_wconf 89' lang='lat' dir='ltr'>omnibus</span> <span class='ocrx_word' id='word_1_26' title='bbox 1595 557 1678 606; x_wconf 83' lang='lat' dir='ltr'>ejus</span> 
     </span>
     <span class='ocr_line' id='line_1_5' title="bbox 217 608 1680 660; baseline 0 -12"><span class='ocrx_word' id='word_1_27' title='bbox 217 610 465 660; x_wconf 77' lang='lat' dir='ltr'>pertinenciis</span> <span class='ocrx_word' id='word_1_28' title='bbox 484 612 522 647; x_wconf 91' lang='lat' dir='ltr'>et</span> <span class='ocrx_word' id='word_1_29' title='bbox 541 609 647 647; x_wconf 93' lang='lat' dir='ltr'>omni</span> <span class='ocrx_word' id='word_1_30' title='bbox 661 609 747 658; x_wconf 82' lang='lat' dir='ltr'>jure</span> <span class='ocrx_word' id='word_1_31' title='bbox 766 608 887 658; x_wconf 86' lang='lat' dir='ltr'>ipsius</span> <span class='ocrx_word' id='word_1_32' title='bbox 910 622 949 647; x_wconf 92' lang='lat' dir='ltr'>se</span> <span class='ocrx_word' id='word_1_33' title='bbox 977 611 1114 659; x_wconf 88' lang='lat' dir='ltr'>sponte</span> <span class='ocrx_word' id='word_1_34' title='bbox 1141 608 1365 659; x_wconf 90' lang='lat' dir='ltr'>simpliciter</span> <span class='ocrx_word' id='word_1_35' title='bbox 1383 612 1421 647; x_wconf 93' lang='lat' dir='ltr'>et</span> <span class='ocrx_word' id='word_1_36' title='bbox 1439 622 1533 659; x_wconf 89' lang='lat' dir='ltr'>pure</span> <span class='ocrx_word' id='word_1_37' title='bbox 1551 613 1680 648; x_wconf 88' lang='lat' dir='ltr'>nostre</span> 
     </span>
     <span class='ocr_line' id='line_1_6' title="bbox 216 662 1680 714; baseline -0.001 -11"><span class='ocrx_word' id='word_1_38' title='bbox 216 677 285 714; x_wconf 88' lang='lat' dir='ltr'>per</span> <span class='ocrx_word' id='word_1_39' title='bbox 304 664 432 702; x_wconf 91' lang='lat' dir='ltr'>omnia</span> <span class='ocrx_word' id='word_1_40' title='bbox 459 663 709 712; x_wconf 83' lang='lat' dir='ltr'>subjectionis</span> <span class='ocrx_word' id='word_1_41' title='bbox 737 663 974 701; x_wconf 88' lang='lat' dir='ltr'>ordinacioni</span> <span class='ocrx_word' id='word_1_42' title='bbox 1000 666 1039 700; x_wconf 90' lang='lat' dir='ltr'>et</span> <span class='ocrx_word' id='word_1_43' title='bbox 1067 662 1114 701; x_wconf 89' lang='lat' dir='ltr'>de</span> <span class='ocrx_word' id='word_1_44' title='bbox 1142 676 1298 701; x_wconf 83' lang='lat' dir='ltr'>assensu</span> <span class='ocrx_word' id='word_1_45' title='bbox 1316 663 1456 713; x_wconf 86' lang='lat' dir='ltr'>Rogeri</span> <span class='ocrx_word' id='word_1_46' title='bbox 1474 663 1622 703; x_wconf 88' lang='lat' dir='ltr'>Decani</span> <span class='ocrx_word' id='word_1_47' title='bbox 1640 667 1680 702; x_wconf 91' lang='lat' dir='ltr'>et</span> 
     </span>
     <span class='ocr_line' id='line_1_7' title="bbox 218 717 1679 768; baseline -0.001 -11"><span class='ocrx_word' id='word_1_48' title='bbox 218 718 390 768; x_wconf 75' lang='lat' dir='ltr'>Capituli</span> <span class='ocrx_word' id='word_1_49' title='bbox 421 718 543 756; x_wconf 82' lang='lat' dir='ltr'>nostri</span> <span class='ocrx_word' id='word_1_50' title='bbox 575 717 683 754; x_wconf 90' lang='lat' dir='ltr'>Linc&#39;</span> <span class='ocrx_word' id='word_1_51' title='bbox 716 729 829 766; x_wconf 87' lang='lat' dir='ltr'>super</span> <span class='ocrx_word' id='word_1_52' title='bbox 864 717 940 755; x_wconf 90' lang='lat' dir='ltr'>hiis</span> <span class='ocrx_word' id='word_1_53' title='bbox 978 717 1262 755; x_wconf 83' lang='lat' dir='ltr'>ordinacionem</span> <span class='ocrx_word' id='word_1_54' title='bbox 1297 717 1458 755; x_wconf 84' lang='lat' dir='ltr'>fecimus</span> <span class='ocrx_word' id='word_1_55' title='bbox 1489 718 1533 755; x_wconf 91' lang='lat' dir='ltr'>in</span> <span class='ocrx_word' id='word_1_56' title='bbox 1564 718 1679 756; x_wconf 90' lang='lat' dir='ltr'>modo</span> 
     </span>
     <span class='ocr_line' id='line_1_8' title="bbox 218 770 1679 822; baseline 0 -12"><span class='ocrx_word' id='word_1_57' title='bbox 218 773 442 822; x_wconf 73' lang='lat' dir='ltr'>subscripto⁸</span> <span class='ocrx_word' id='word_1_58' title='bbox 501 771 767 811; x_wconf 86' lang='lat' dir='ltr'>Concessimus</span> <span class='ocrx_word' id='word_1_59' title='bbox 788 771 968 821; x_wconf 92' lang='lat' dir='ltr'>Capitulo</span> <span class='ocrx_word' id='word_1_60' title='bbox 988 770 1113 809; x_wconf 86' lang='lat' dir='ltr'>Exon’</span> <span class='ocrx_word' id='word_1_61' title='bbox 1131 774 1254 809; x_wconf 86' lang='lat' dir='ltr'>totam</span> <span class='ocrx_word' id='word_1_62' title='bbox 1273 771 1380 809; x_wconf 88' lang='lat' dir='ltr'>illam</span> <span class='ocrx_word' id='word_1_63' title='bbox 1400 772 1618 822; x_wconf 79' lang='lat' dir='ltr'>porcionem</span> <span class='ocrx_word' id='word_1_64' title='bbox 1636 772 1679 809; x_wconf 89' lang='lat' dir='ltr'>in</span> 
     </span>
     <span class='ocr_line' id='line_1_9' title="bbox 216 825 1679 876; baseline 0 -12"><span class='ocrx_word' id='word_1_65' title='bbox 216 827 389 876; x_wconf 88' lang='lat' dir='ltr'>proprios</span> <span class='ocrx_word' id='word_1_66' title='bbox 407 834 498 863; x_wconf 85' lang='lat' dir='ltr'>usus</span> <span class='ocrx_word' id='word_1_67' title='bbox 517 825 735 863; x_wconf 85' lang='lat' dir='ltr'>habendam</span> <span class='ocrx_word' id='word_1_68' title='bbox 752 826 908 863; x_wconf 90' lang='lat' dir='ltr'>nomine</span> <span class='ocrx_word' id='word_1_69' title='bbox 925 825 1102 876; x_wconf 89' lang='lat' dir='ltr'>perpetui</span> <span class='ocrx_word' id='word_1_70' title='bbox 1120 825 1297 863; x_wconf 89' lang='lat' dir='ltr'>beneficii</span> <span class='ocrx_word' id='word_1_71' title='bbox 1317 838 1432 875; x_wconf 89' lang='lat' dir='ltr'>quam</span> <span class='ocrx_word' id='word_1_72' title='bbox 1451 826 1500 864; x_wconf 89' lang='lat' dir='ltr'>ab</span> <span class='ocrx_word' id='word_1_73' title='bbox 1519 827 1679 876; x_wconf 89' lang='lat' dir='ltr'>antiquo</span> 
     </span>
     <span class='ocr_line' id='line_1_10' title="bbox 217 879 1681 930; baseline 0 -12"><span class='ocrx_word' id='word_1_74' title='bbox 217 880 525 930; x_wconf 85' lang='lat' dir='ltr'>quandocunque</span> <span class='ocrx_word' id='word_1_75' title='bbox 536 880 578 917; x_wconf 91' lang='lat' dir='ltr'>in</span> <span class='ocrx_word' id='word_1_76' title='bbox 590 880 754 929; x_wconf 88' lang='lat' dir='ltr'>propriis</span> <span class='ocrx_word' id='word_1_77' title='bbox 766 879 899 918; x_wconf 86' lang='lat' dir='ltr'>usibus</span> <span class='ocrx_word' id='word_1_78' title='bbox 912 879 1110 918; x_wconf 89' lang='lat' dir='ltr'>consuevit</span> <span class='ocrx_word' id='word_1_79' title='bbox 1117 879 1222 917; x_wconf 90' lang='lat' dir='ltr'>idem</span> <span class='ocrx_word' id='word_1_80' title='bbox 1230 880 1455 929; x_wconf 84' lang='lat' dir='ltr'>Capitulum</span> <span class='ocrx_word' id='word_1_81' title='bbox 1467 880 1629 918; x_wconf 89' lang='lat' dir='ltr'>retinere</span> <span class='ocrx_word' id='word_1_82' title='bbox 1642 883 1681 918; x_wconf 92' lang='lat' dir='ltr'>et</span> 
     </span>
     <span class='ocr_line' id='line_1_11' title="bbox 217 933 1679 984; baseline 0 -12"><span class='ocrx_word' id='word_1_83' title='bbox 217 934 525 984; x_wconf 86' lang='lat' dir='ltr'>quandocunque</span> <span class='ocrx_word' id='word_1_84' title='bbox 544 934 629 972; x_wconf 88' lang='lat' dir='ltr'>aliis</span> <span class='ocrx_word' id='word_1_85' title='bbox 648 934 816 972; x_wconf 88' lang='lat' dir='ltr'>conferre</span> <span class='ocrx_word' id='word_1_86' title='bbox 834 946 903 984; x_wconf 89' lang='lat' dir='ltr'>pro</span> <span class='ocrx_word' id='word_1_87' title='bbox 922 947 990 972; x_wconf 88' lang='lat' dir='ltr'>sua</span> <span class='ocrx_word' id='word_1_88' title='bbox 1009 933 1220 972; x_wconf 77' lang='lat' dir='ltr'>voluntate.</span> <span class='ocrx_word' id='word_1_89' title='bbox 1264 934 1412 972; x_wconf 87' lang='lat' dir='ltr'>Verum</span> <span class='ocrx_word' id='word_1_90' title='bbox 1431 934 1478 972; x_wconf 90' lang='lat' dir='ltr'>de</span> <span class='ocrx_word' id='word_1_91' title='bbox 1501 934 1679 983; x_wconf 83' lang='lat' dir='ltr'>porcione</span> 
     </span>
     <span class='ocr_line' id='line_1_12' title="bbox 217 987 1680 1039; baseline 0 -13"><span class='ocrx_word' id='word_1_92' title='bbox 217 1002 332 1038; x_wconf 90' lang='lat' dir='ltr'>quam</span> <span class='ocrx_word' id='word_1_93' title='bbox 340 989 531 1027; x_wconf 83' lang='lat' dir='ltr'>Robertus</span> <span class='ocrx_word' id='word_1_94' title='bbox 538 988 585 1026; x_wconf 89' lang='lat' dir='ltr'>de</span> <span class='ocrx_word' id='word_1_95' title='bbox 591 988 700 1038; x_wconf 86' lang='lat' dir='ltr'>Lucy</span> <span class='ocrx_word' id='word_1_96' title='bbox 707 988 832 1026; x_wconf 87' lang='lat' dir='ltr'>tenuit</span> <span class='ocrx_word' id='word_1_97' title='bbox 839 991 877 1026; x_wconf 89' lang='lat' dir='ltr'>et</span> <span class='ocrx_word' id='word_1_98' title='bbox 883 988 957 1026; x_wconf 87' lang='lat' dir='ltr'>alia</span> <span class='ocrx_word' id='word_1_99' title='bbox 963 988 1140 1039; x_wconf 87' lang='lat' dir='ltr'>porcione</span> <span class='ocrx_word' id='word_1_100' title='bbox 1147 1000 1262 1038; x_wconf 88' lang='lat' dir='ltr'>quam</span> <span class='ocrx_word' id='word_1_101' title='bbox 1270 987 1298 1026; x_wconf 83' lang='lat' dir='ltr'><strong>J</strong></span> <span class='ocrx_word' id='word_1_102' title='bbox 1300 988 1470 1026; x_wconf 89' lang='lat' dir='ltr'>ohannes</span> <span class='ocrx_word' id='word_1_103' title='bbox 1476 987 1527 1026; x_wconf 89' lang='lat' dir='ltr'>fil&#39;</span> <span class='ocrx_word' id='word_1_104' title='bbox 1535 988 1563 1026; x_wconf 85' lang='lat' dir='ltr'><strong>J</strong></span> <span class='ocrx_word' id='word_1_105' title='bbox 1565 988 1680 1026; x_wconf 89' lang='lat' dir='ltr'>ohan-</span> 
     </span>
     <span class='ocr_line' id='line_1_13' title="bbox 216 1041 1681 1094; baseline 0 -14"><span class='ocrx_word' id='word_1_106' title='bbox 216 1043 278 1080; x_wconf 90' lang='lat' dir='ltr'>nis</span> <span class='ocrx_word' id='word_1_107' title='bbox 307 1042 502 1092; x_wconf 88' lang='lat' dir='ltr'>quondam</span> <span class='ocrx_word' id='word_1_108' title='bbox 529 1042 804 1080; x_wconf 89' lang='lat' dir='ltr'>Archidiaconi</span> <span class='ocrx_word' id='word_1_109' title='bbox 823 1041 910 1094; x_wconf 76' lang='lat' dir='ltr'>(sic)</span> <span class='ocrx_word' id='word_1_110' title='bbox 929 1041 1063 1081; x_wconf 87' lang='lat' dir='ltr'>Toten&#39;</span> <span class='ocrx_word' id='word_1_111' title='bbox 1085 1044 1193 1080; x_wconf 89' lang='lat' dir='ltr'>tenet</span> <span class='ocrx_word' id='word_1_112' title='bbox 1220 1042 1263 1080; x_wconf 89' lang='lat' dir='ltr'>in</span> <span class='ocrx_word' id='word_1_113' title='bbox 1291 1042 1422 1080; x_wconf 89' lang='lat' dir='ltr'>eadem</span> <span class='ocrx_word' id='word_1_114' title='bbox 1441 1043 1598 1080; x_wconf 87' lang='grc'><strong>66616516</strong></span> <span class='ocrx_word' id='word_1_115' title='bbox 1624 1042 1681 1080; x_wconf 90' lang='lat' dir='ltr'>ita</span> 
     </span>
     <span class='ocr_line' id='line_1_14' title="bbox 217 1096 1680 1147; baseline -0.001 -12"><span class='ocrx_word' id='word_1_116' title='bbox 217 1097 479 1136; x_wconf 85' lang='lat' dir='ltr'>ordinavimus</span> <span class='ocrx_word' id='word_1_117' title='bbox 496 1097 600 1147; x_wconf 92' lang='lat' dir='ltr'>quod</span> <span class='ocrx_word' id='word_1_118' title='bbox 614 1096 681 1135; x_wconf 89' lang='grc'><strong>1116</strong></span> <span class='ocrx_word' id='word_1_119' title='bbox 696 1097 763 1147; x_wconf 90' lang='lat' dir='ltr'>qui</span> <span class='ocrx_word' id='word_1_120' title='bbox 777 1097 942 1135; x_wconf 86' lang='lat' dir='ltr'>vicarius</span> <span class='ocrx_word' id='word_1_121' title='bbox 957 1100 1014 1135; x_wconf 91' lang='lat' dir='ltr'>est</span> <span class='ocrx_word' id='word_1_122' title='bbox 1027 1096 1134 1135; x_wconf 89' lang='lat' dir='ltr'>illius</span> <span class='ocrx_word' id='word_1_123' title='bbox 1147 1096 1339 1147; x_wconf 88' lang='lat' dir='ltr'>porcionis</span> <span class='ocrx_word' id='word_1_124' title='bbox 1356 1110 1472 1147; x_wconf 91' lang='lat' dir='ltr'>quam</span> <span class='ocrx_word' id='word_1_125' title='bbox 1486 1096 1680 1135; x_wconf 86' lang='lat' dir='ltr'>Robertus</span> 
     </span>
     <span class='ocr_line' id='line_1_15' title="bbox 216 1151 1680 1201; baseline -0.001 -12"><span class='ocrx_word' id='word_1_126' title='bbox 216 1151 265 1189; x_wconf 88' lang='lat' dir='ltr'>de</span> <span class='ocrx_word' id='word_1_127' title='bbox 292 1151 402 1201; x_wconf 86' lang='lat' dir='ltr'>Lucy</span> <span class='ocrx_word' id='word_1_128' title='bbox 428 1151 556 1189; x_wconf 84' lang='lat' dir='ltr'>tenuit</span> <span class='ocrx_word' id='word_1_129' title='bbox 588 1154 742 1189; x_wconf 90' lang='lat' dir='ltr'>centum</span> <span class='ocrx_word' id='word_1_130' title='bbox 774 1151 916 1189; x_wconf 86' lang='lat' dir='ltr'>solidos</span> <span class='ocrx_word' id='word_1_131' title='bbox 952 1163 1101 1189; x_wconf 90' lang='lat' dir='ltr'>annuos</span> <span class='ocrx_word' id='word_1_132' title='bbox 1137 1151 1323 1200; x_wconf 89' lang='lat' dir='ltr'>quamdiu</span> <span class='ocrx_word' id='word_1_133' title='bbox 1353 1151 1497 1190; x_wconf 83' lang='lat' dir='ltr'>vixerit</span> <span class='ocrx_word' id='word_1_134' title='bbox 1523 1151 1680 1189; x_wconf 89' lang='lat' dir='ltr'>nomine</span> 
     </span>
     <span class='ocr_line' id='line_1_16' title="bbox 215 1204 1680 1255; baseline 0 -12"><span class='ocrx_word' id='word_1_135' title='bbox 215 1205 394 1243; x_wconf 88' lang='lat' dir='ltr'>beneficii</span> <span class='ocrx_word' id='word_1_136' title='bbox 423 1205 604 1255; x_wconf 89' lang='lat' dir='ltr'>Capitulo</span> <span class='ocrx_word' id='word_1_137' title='bbox 633 1205 756 1243; x_wconf 85' lang='lat' dir='ltr'>Exon’</span> <span class='ocrx_word' id='word_1_138' title='bbox 780 1205 972 1255; x_wconf 84' lang='lat' dir='ltr'>persolvet</span> <span class='ocrx_word' id='word_1_139' title='bbox 1004 1206 1052 1243; x_wconf 90' lang='lat' dir='ltr'>de</span> <span class='ocrx_word' id='word_1_140' title='bbox 1080 1205 1212 1243; x_wconf 88' lang='lat' dir='ltr'>eadem</span> <span class='ocrx_word' id='word_1_141' title='bbox 1239 1205 1442 1255; x_wconf 86' lang='lat' dir='ltr'>porcione:</span> <span class='ocrx_word' id='word_1_142' title='bbox 1480 1204 1680 1243; x_wconf 69' lang='lat' dir='ltr'>«Iohannes</span> 
     </span>
     <span class='ocr_line' id='line_1_17' title="bbox 215 1259 1680 1309; baseline 0 -12"><span class='ocrx_word' id='word_1_143' title='bbox 215 1272 305 1298; x_wconf 90' lang='lat' dir='ltr'>vero</span> <span class='ocrx_word' id='word_1_144' title='bbox 320 1264 551 1298; x_wconf 85' lang='lat' dir='ltr'>memoratus</span> <span class='ocrx_word' id='word_1_145' title='bbox 564 1262 641 1298; x_wconf 88' lang='lat' dir='ltr'>tres</span> <span class='ocrx_word' id='word_1_146' title='bbox 655 1272 798 1298; x_wconf 88' lang='lat' dir='ltr'>marcas</span> <span class='ocrx_word' id='word_1_147' title='bbox 813 1272 959 1298; x_wconf 87' lang='lat' dir='ltr'>annuas</span> <span class='ocrx_word' id='word_1_148' title='bbox 973 1260 1098 1298; x_wconf 90' lang='lat' dir='ltr'>eidem</span> <span class='ocrx_word' id='word_1_149' title='bbox 1114 1259 1294 1309; x_wconf 86' lang='lat' dir='ltr'>Capitulo</span> <span class='ocrx_word' id='word_1_150' title='bbox 1309 1260 1486 1298; x_wconf 90' lang='lat' dir='ltr'>similiter</span> <span class='ocrx_word' id='word_1_151' title='bbox 1500 1262 1581 1297; x_wconf 85' lang='lat' dir='ltr'>tota</span> <span class='ocrx_word' id='word_1_152' title='bbox 1598 1260 1680 1298; x_wconf 85' lang='lat' dir='ltr'>vita</span> 
     </span>
     <span class='ocr_line' id='line_1_18' title="bbox 215 1313 1680 1364; baseline -0.001 -12"><span class='ocrx_word' id='word_1_153' title='bbox 215 1314 406 1364; x_wconf 87' lang='lat' dir='ltr'>persolvet</span> <span class='ocrx_word' id='word_1_154' title='bbox 425 1314 473 1352; x_wconf 90' lang='lat' dir='ltr'>de</span> <span class='ocrx_word' id='word_1_155' title='bbox 491 1327 560 1352; x_wconf 89' lang='lat' dir='ltr'>sua</span> <span class='ocrx_word' id='word_1_156' title='bbox 586 1314 765 1364; x_wconf 86' lang='lat' dir='ltr'>porcione</span> <span class='ocrx_word' id='word_1_157' title='bbox 792 1327 887 1364; x_wconf 89' lang='lat' dir='ltr'>quas</span> <span class='ocrx_word' id='word_1_158' title='bbox 914 1314 1021 1364; x_wconf 88' lang='lat' dir='ltr'>prius</span> <span class='ocrx_word' id='word_1_159' title='bbox 1046 1313 1202 1352; x_wconf 82' lang='lat' dir='ltr'>reddere</span> <span class='ocrx_word' id='word_1_160' title='bbox 1221 1314 1430 1353; x_wconf 88' lang='lat' dir='ltr'>consuevit.</span> <span class='ocrx_word' id='word_1_161' title='bbox 1489 1313 1533 1352; x_wconf 79' lang='lat' dir='ltr'>Si</span> <span class='ocrx_word' id='word_1_162' title='bbox 1551 1316 1680 1351; x_wconf 89' lang='lat' dir='ltr'>autem</span> 
     </span>
     <span class='ocr_line' id='line_1_19' title="bbox 216 1368 1680 1418; baseline -0.001 -12"><span class='ocrx_word' id='word_1_163' title='bbox 216 1369 420 1418; x_wconf 87' lang='lat' dir='ltr'>contigerit</span> <span class='ocrx_word' id='word_1_164' title='bbox 439 1368 533 1406; x_wconf 89' lang='lat' dir='ltr'>duas</span> <span class='ocrx_word' id='word_1_165' title='bbox 552 1368 751 1418; x_wconf 87' lang='lat' dir='ltr'>porciones</span> <span class='ocrx_word' id='word_1_166' title='bbox 769 1381 864 1418; x_wconf 90' lang='lat' dir='ltr'>quas</span> <span class='ocrx_word' id='word_1_167' title='bbox 882 1368 1045 1418; x_wconf 85' lang='lat' dir='ltr'>predicti</span> <span class='ocrx_word' id='word_1_168' title='bbox 1063 1371 1199 1406; x_wconf 91' lang='lat' dir='ltr'>tenent</span> <span class='ocrx_word' id='word_1_169' title='bbox 1213 1368 1339 1406; x_wconf 88' lang='lat' dir='ltr'>clerici</span> <span class='ocrx_word' id='word_1_170' title='bbox 1353 1368 1529 1406; x_wconf 88' lang='lat' dir='ltr'>similiter</span> <span class='ocrx_word' id='word_1_171' title='bbox 1547 1380 1680 1406; x_wconf 89' lang='lat' dir='ltr'>vacare</span> 
     </span>
     <span class='ocr_line' id='line_1_20' title="bbox 215 1422 1682 1473; baseline -0.001 -12"><span class='ocrx_word' id='word_1_172' title='bbox 215 1426 293 1461; x_wconf 89' lang='lat' dir='ltr'>tres</span> <span class='ocrx_word' id='word_1_173' title='bbox 308 1423 355 1460; x_wconf 92' lang='lat' dir='ltr'>de</span> <span class='ocrx_word' id='word_1_174' title='bbox 367 1423 510 1461; x_wconf 88' lang='lat' dir='ltr'>eisdem</span> <span class='ocrx_word' id='word_1_175' title='bbox 523 1422 675 1472; x_wconf 89' lang='lat' dir='ltr'>equales</span> <span class='ocrx_word' id='word_1_176' title='bbox 689 1423 784 1461; x_wconf 90' lang='lat' dir='ltr'>fient</span> <span class='ocrx_word' id='word_1_177' title='bbox 795 1423 993 1473; x_wconf 88' lang='lat' dir='ltr'>porciones</span> <span class='ocrx_word' id='word_1_178' title='bbox 1008 1425 1046 1461; x_wconf 92' lang='lat' dir='ltr'>et</span> <span class='ocrx_word' id='word_1_179' title='bbox 1057 1422 1123 1460; x_wconf 91' lang='lat' dir='ltr'>ille</span> <span class='ocrx_word' id='word_1_180' title='bbox 1135 1425 1211 1460; x_wconf 88' lang='lat' dir='ltr'>tres</span> <span class='ocrx_word' id='word_1_181' title='bbox 1222 1423 1418 1473; x_wconf 88' lang='lat' dir='ltr'>porciones</span> <span class='ocrx_word' id='word_1_182' title='bbox 1430 1423 1484 1461; x_wconf 89' lang='lat' dir='ltr'>sic</span> <span class='ocrx_word' id='word_1_183' title='bbox 1498 1422 1682 1460; x_wconf 88' lang='lat' dir='ltr'>distincte</span> 
     </span>
     <span class='ocr_line' id='line_1_21' title="bbox 216 1476 1682 1527; baseline -0.001 -12"><span class='ocrx_word' id='word_1_184' title='bbox 216 1480 292 1515; x_wconf 89' lang='lat' dir='ltr'>tres</span> <span class='ocrx_word' id='word_1_185' title='bbox 310 1480 493 1527; x_wconf 87' lang='lat' dir='ltr'>perpetue</span> <span class='ocrx_word' id='word_1_186' title='bbox 512 1480 625 1515; x_wconf 88' lang='lat' dir='ltr'>erunt</span> <span class='ocrx_word' id='word_1_187' title='bbox 643 1478 784 1515; x_wconf 87' lang='lat' dir='ltr'>vicarie</span> <span class='ocrx_word' id='word_1_188' title='bbox 803 1478 846 1515; x_wconf 91' lang='lat' dir='ltr'>in</span> <span class='ocrx_word' id='word_1_189' title='bbox 865 1477 998 1515; x_wconf 89' lang='lat' dir='ltr'>eadem</span> <span class='ocrx_word' id='word_1_190' title='bbox 1020 1477 1176 1515; x_wconf 87' lang='lat' dir='ltr'>ecclesia</span> <span class='ocrx_word' id='word_1_191' title='bbox 1204 1477 1253 1515; x_wconf 92' lang='lat' dir='ltr'>ad</span> <span class='ocrx_word' id='word_1_192' title='bbox 1280 1490 1441 1527; x_wconf 89' lang='lat' dir='ltr'>quarum</span> <span class='ocrx_word' id='word_1_193' title='bbox 1469 1476 1682 1527; x_wconf 88' lang='lat' dir='ltr'>quamlibet</span> 
     </span>
     <span class='ocr_line' id='line_1_22' title="bbox 216 1530 1682 1582; baseline -0.001 -13"><span class='ocrx_word' id='word_1_194' title='bbox 216 1532 524 1582; x_wconf 84' lang='lat' dir='ltr'>quandocunque</span> <span class='ocrx_word' id='word_1_195' title='bbox 569 1532 760 1571; x_wconf 83' lang='lat' dir='ltr'>vacaverit</span> <span class='ocrx_word' id='word_1_196' title='bbox 802 1531 1028 1581; x_wconf 88' lang='lat' dir='ltr'>Capitulum</span> <span class='ocrx_word' id='word_1_197' title='bbox 1060 1530 1185 1569; x_wconf 86' lang='lat' dir='ltr'>Exon&#39;</span> <span class='ocrx_word' id='word_1_198' title='bbox 1227 1531 1465 1581; x_wconf 88' lang='lat' dir='ltr'>presentabit</span> <span class='ocrx_word' id='word_1_199' title='bbox 1496 1531 1682 1570; x_wconf 85' lang='lat' dir='ltr'>vicarium</span> 
     </span>
     <span class='ocr_line' id='line_1_23' title="bbox 216 1585 1682 1636; baseline -0.001 -13"><span class='ocrx_word' id='word_1_200' title='bbox 216 1589 445 1636; x_wconf 86' lang='lat' dir='ltr'>perpetuum</span> <span class='ocrx_word' id='word_1_201' title='bbox 463 1585 576 1624; x_wconf 89' lang='lat' dir='ltr'>nobis</span> <span class='ocrx_word' id='word_1_202' title='bbox 595 1589 633 1624; x_wconf 89' lang='lat' dir='ltr'>et</span> <span class='ocrx_word' id='word_1_203' title='bbox 662 1587 940 1624; x_wconf 86' lang='lat' dir='ltr'>successoribus</span> <span class='ocrx_word' id='word_1_204' title='bbox 967 1586 1109 1624; x_wconf 86' lang='lat' dir='ltr'>nostris</span> <span class='ocrx_word' id='word_1_205' title='bbox 1135 1586 1420 1624; x_wconf 86' lang='lat' dir='ltr'>instituendum</span> <span class='ocrx_word' id='word_1_206' title='bbox 1447 1585 1489 1623; x_wconf 92' lang='lat' dir='ltr'>in</span> <span class='ocrx_word' id='word_1_207' title='bbox 1509 1585 1641 1623; x_wconf 89' lang='lat' dir='ltr'>eadem</span> <span class='ocrx_word' id='word_1_208' title='bbox 1659 1598 1682 1622; x_wconf 88' lang='lat' dir='ltr'>a</span> 
     </span>
     <span class='ocr_line' id='line_1_24' title="bbox 216 1638 1679 1690; baseline -0.001 -12"><span class='ocrx_word' id='word_1_209' title='bbox 216 1640 331 1678; x_wconf 84' lang='lat' dir='ltr'>nobis</span> <span class='ocrx_word' id='word_1_210' title='bbox 368 1643 406 1678; x_wconf 87' lang='lat' dir='ltr'>et</span> <span class='ocrx_word' id='word_1_211' title='bbox 442 1640 607 1690; x_wconf 87' lang='lat' dir='ltr'>quilibet</span> <span class='ocrx_word' id='word_1_212' title='bbox 651 1640 808 1678; x_wconf 91' lang='lat' dir='ltr'>illorum</span> <span class='ocrx_word' id='word_1_213' title='bbox 843 1640 1073 1679; x_wconf 84' lang='lat' dir='ltr'>vicariorum</span> <span class='ocrx_word' id='word_1_214' title='bbox 1108 1640 1299 1690; x_wconf 89' lang='lat' dir='ltr'>persolvet</span> <span class='ocrx_word' id='word_1_215' title='bbox 1337 1640 1517 1690; x_wconf 88' lang='lat' dir='ltr'>Capitulo</span> <span class='ocrx_word' id='word_1_216' title='bbox 1555 1638 1679 1677; x_wconf 84' lang='lat' dir='ltr'>Exon&#39;</span> 
     </span>
     <span class='ocr_line' id='line_1_25' title="bbox 217 1693 1680 1745; baseline -0.001 -13"><span class='ocrx_word' id='word_1_217' title='bbox 217 1694 389 1744; x_wconf 85' lang='lat' dir='ltr'>quinque</span> <span class='ocrx_word' id='word_1_218' title='bbox 407 1707 551 1732; x_wconf 89' lang='lat' dir='ltr'>marcas</span> <span class='ocrx_word' id='word_1_219' title='bbox 578 1707 724 1732; x_wconf 92' lang='lat' dir='ltr'>annuas</span> <span class='ocrx_word' id='word_1_220' title='bbox 752 1694 909 1732; x_wconf 89' lang='lat' dir='ltr'>nomine</span> <span class='ocrx_word' id='word_1_221' title='bbox 935 1694 1112 1745; x_wconf 89' lang='lat' dir='ltr'>perpetui</span> <span class='ocrx_word' id='word_1_222' title='bbox 1138 1694 1315 1733; x_wconf 89' lang='lat' dir='ltr'>beneficii</span> <span class='ocrx_word' id='word_1_223' title='bbox 1342 1694 1390 1732; x_wconf 91' lang='lat' dir='ltr'>de</span> <span class='ocrx_word' id='word_1_224' title='bbox 1415 1707 1484 1732; x_wconf 91' lang='lat' dir='ltr'>sua</span> <span class='ocrx_word' id='word_1_225' title='bbox 1501 1693 1680 1743; x_wconf 88' lang='lat' dir='ltr'>porcione</span> 
     </span>
     <span class='ocr_line' id='line_1_26' title="bbox 216 1748 1681 1799; baseline -0.001 -13"><span class='ocrx_word' id='word_1_226' title='bbox 216 1752 255 1786; x_wconf 89' lang='lat' dir='ltr'>et</span> <span class='ocrx_word' id='word_1_227' title='bbox 269 1749 335 1786; x_wconf 87' lang='lat' dir='ltr'>isti</span> <span class='ocrx_word' id='word_1_228' title='bbox 349 1749 484 1787; x_wconf 90' lang='lat' dir='ltr'>vicarii</span> <span class='ocrx_word' id='word_1_229' title='bbox 497 1749 713 1787; x_wconf 87' lang='lat' dir='ltr'>deservient</span> <span class='ocrx_word' id='word_1_230' title='bbox 727 1749 770 1786; x_wconf 94' lang='lat' dir='ltr'>in</span> <span class='ocrx_word' id='word_1_231' title='bbox 784 1749 939 1787; x_wconf 88' lang='grc'><strong>66616516</strong></span> <span class='ocrx_word' id='word_1_232' title='bbox 952 1749 1020 1787; x_wconf 86' lang='grc'><strong>1116</strong></span> <span class='ocrx_word' id='word_1_233' title='bbox 1035 1749 1215 1787; x_wconf 86' lang='lat' dir='ltr'>continue</span> <span class='ocrx_word' id='word_1_234' title='bbox 1228 1748 1478 1799; x_wconf 88' lang='lat' dir='ltr'>personaliter</span> <span class='ocrx_word' id='word_1_235' title='bbox 1490 1749 1533 1786; x_wconf 91' lang='lat' dir='ltr'>in</span> <span class='ocrx_word' id='word_1_236' title='bbox 1548 1748 1681 1786; x_wconf 91' lang='lat' dir='ltr'>ordine</span> 
     </span>
     <span class='ocr_line' id='line_1_27' title="bbox 216 1802 1680 1853; baseline -0.001 -13"><span class='ocrx_word' id='word_1_237' title='bbox 216 1803 442 1841; x_wconf 88' lang='lat' dir='ltr'>sacerdotali</span> <span class='ocrx_word' id='word_1_238' title='bbox 461 1806 498 1841; x_wconf 91' lang='lat' dir='ltr'>et</span> <span class='ocrx_word' id='word_1_239' title='bbox 517 1803 804 1853; x_wconf 87' lang='lat' dir='ltr'>respondebunt</span> <span class='ocrx_word' id='word_1_240' title='bbox 822 1803 865 1841; x_wconf 91' lang='lat' dir='ltr'>in</span> <span class='ocrx_word' id='word_1_241' title='bbox 890 1803 1113 1842; x_wconf 89' lang='lat' dir='ltr'>universum</span> <span class='ocrx_word' id='word_1_242' title='bbox 1132 1803 1180 1841; x_wconf 90' lang='lat' dir='ltr'>de</span> <span class='ocrx_word' id='word_1_243' title='bbox 1199 1803 1479 1853; x_wconf 88' lang='lat' dir='ltr'>episcopalibus</span> <span class='ocrx_word' id='word_1_244' title='bbox 1496 1802 1680 1840; x_wconf 90' lang='lat' dir='ltr'>archidia-</span> 
     </span>
     <span class='ocr_line' id='line_1_28' title="bbox 217 1855 1681 1907; baseline -0.001 -12"><span class='ocrx_word' id='word_1_245' title='bbox 217 1857 416 1895; x_wconf 87' lang='lat' dir='ltr'>conalibus</span> <span class='ocrx_word' id='word_1_246' title='bbox 435 1857 614 1895; x_wconf 89' lang='lat' dir='ltr'>oneribus</span> <span class='ocrx_word' id='word_1_247' title='bbox 634 1860 672 1895; x_wconf 85' lang='lat' dir='ltr'>et</span> <span class='ocrx_word' id='word_1_248' title='bbox 691 1858 1045 1896; x_wconf 87' lang='lat' dir='ltr'>consuetudinibus.</span> <span class='ocrx_word' id='word_1_249' title='bbox 1105 1855 1168 1895; x_wconf 92' lang='lat' dir='ltr'>Ita</span> <span class='ocrx_word' id='word_1_250' title='bbox 1182 1857 1278 1907; x_wconf 89' lang='lat' dir='ltr'>quid</span> <span class='ocrx_word' id='word_1_251' title='bbox 1293 1857 1396 1907; x_wconf 90' lang='lat' dir='ltr'>quod</span> <span class='ocrx_word' id='word_1_252' title='bbox 1415 1857 1681 1907; x_wconf 89' lang='lat' dir='ltr'>unusquisque</span> 
     </span>
     <span class='ocr_line' id='line_1_29' title="bbox 216 1911 1682 1961; baseline -0.001 -12"><span class='ocrx_word' id='word_1_253' title='bbox 216 1924 285 1961; x_wconf 91' lang='lat' dir='ltr'>pro</span> <span class='ocrx_word' id='word_1_254' title='bbox 305 1924 374 1949; x_wconf 90' lang='lat' dir='ltr'>sua</span> <span class='ocrx_word' id='word_1_255' title='bbox 391 1912 476 1950; x_wconf 90' lang='lat' dir='ltr'>vice</span> <span class='ocrx_word' id='word_1_256' title='bbox 495 1914 533 1950; x_wconf 91' lang='lat' dir='ltr'>et</span> <span class='ocrx_word' id='word_1_257' title='bbox 552 1924 621 1949; x_wconf 92' lang='lat' dir='ltr'>suo</span> <span class='ocrx_word' id='word_1_258' title='bbox 641 1924 742 1950; x_wconf 90' lang='lat' dir='ltr'>anno</span> <span class='ocrx_word' id='word_1_259' title='bbox 761 1911 834 1949; x_wconf 89' lang='lat' dir='ltr'>hoc</span> <span class='ocrx_word' id='word_1_260' title='bbox 857 1915 914 1950; x_wconf 89' lang='lat' dir='ltr'>est</span> <span class='ocrx_word' id='word_1_261' title='bbox 941 1912 990 1950; x_wconf 91' lang='lat' dir='ltr'>de</span> <span class='ocrx_word' id='word_1_262' title='bbox 1016 1912 1183 1950; x_wconf 90' lang='lat' dir='ltr'>triennio</span> <span class='ocrx_word' id='word_1_263' title='bbox 1211 1912 1254 1949; x_wconf 91' lang='lat' dir='ltr'>in</span> <span class='ocrx_word' id='word_1_264' title='bbox 1281 1912 1491 1950; x_wconf 90' lang='lat' dir='ltr'>triennium</span> <span class='ocrx_word' id='word_1_265' title='bbox 1510 1911 1622 1949; x_wconf 91' lang='lat' dir='ltr'>nobis</span> <span class='ocrx_word' id='word_1_266' title='bbox 1642 1913 1682 1948; x_wconf 90' lang='lat' dir='ltr'>et</span> 
     </span>
     <span class='ocr_line' id='line_1_30' title="bbox 217 1965 1680 2015; baseline -0.001 -11"><span class='ocrx_word' id='word_1_267' title='bbox 217 1966 496 2004; x_wconf 84' lang='lat' dir='ltr'>successoribus</span> <span class='ocrx_word' id='word_1_268' title='bbox 514 1966 655 2004; x_wconf 89' lang='lat' dir='ltr'>nostris</span> <span class='ocrx_word' id='word_1_269' title='bbox 680 1969 719 2004; x_wconf 91' lang='lat' dir='ltr'>et</span> <span class='ocrx_word' id='word_1_270' title='bbox 737 1965 1018 2004; x_wconf 88' lang='lat' dir='ltr'>Archidiacono</span> <span class='ocrx_word' id='word_1_271' title='bbox 1048 1966 1172 2005; x_wconf 82' lang='lat' dir='ltr'>Oxon&#39;</span> <span class='ocrx_word' id='word_1_272' title='bbox 1191 1969 1272 2004; x_wconf 87' lang='lat' dir='ltr'>tam</span> <span class='ocrx_word' id='word_1_273' title='bbox 1300 1965 1347 2003; x_wconf 91' lang='lat' dir='ltr'>de</span> <span class='ocrx_word' id='word_1_274' title='bbox 1373 1965 1545 2015; x_wconf 88' lang='lat' dir='ltr'>hospicio</span> <span class='ocrx_word' id='word_1_275' title='bbox 1564 1977 1680 2015; x_wconf 90' lang='lat' dir='ltr'>quam</span> 
     </span>
     <span class='ocr_line' id='line_1_31' title="bbox 218 2020 1680 2070; baseline -0.001 -12"><span class='ocrx_word' id='word_1_276' title='bbox 218 2020 266 2058; x_wconf 88' lang='lat' dir='ltr'>de</span> <span class='ocrx_word' id='word_1_277' title='bbox 302 2020 460 2070; x_wconf 88' lang='lat' dir='ltr'>reliquis</span> <span class='ocrx_word' id='word_1_278' title='bbox 497 2020 678 2058; x_wconf 88' lang='lat' dir='ltr'>oneribus</span> <span class='ocrx_word' id='word_1_279' title='bbox 714 2020 757 2058; x_wconf 88' lang='lat' dir='ltr'>in</span> <span class='ocrx_word' id='word_1_280' title='bbox 793 2021 960 2058; x_wconf 90' lang='lat' dir='ltr'>solidum</span> <span class='ocrx_word' id='word_1_281' title='bbox 1005 2020 1262 2070; x_wconf 89' lang='lat' dir='ltr'>respondebit.</span> <span class='ocrx_word' id='word_1_282' title='bbox 1320 2020 1491 2058; x_wconf 86' lang='lat' dir='ltr'>Ecclesia</span> <span class='ocrx_word' id='word_1_283' title='bbox 1528 2032 1680 2069; x_wconf 89' lang='lat' dir='ltr'>quoque</span> 
     </span>
     <span class='ocr_line' id='line_1_32' title="bbox 217 2074 1681 2124; baseline -0.001 -12"><span class='ocrx_word' id='word_1_284' title='bbox 217 2074 390 2124; x_wconf 86' lang='lat' dir='ltr'>ejusdem</span> <span class='ocrx_word' id='word_1_285' title='bbox 417 2074 511 2112; x_wconf 91' lang='lat' dir='ltr'>ville</span> <span class='ocrx_word' id='word_1_286' title='bbox 539 2074 586 2112; x_wconf 91' lang='lat' dir='ltr'>de</span> <span class='ocrx_word' id='word_1_287' title='bbox 614 2074 817 2124; x_wconf 88' lang='lat' dir='ltr'>Bampton’</span> <span class='ocrx_word' id='word_1_288' title='bbox 838 2088 926 2112; x_wconf 90' lang='lat' dir='ltr'>cum</span> <span class='ocrx_word' id='word_1_289' title='bbox 954 2075 1133 2113; x_wconf 91' lang='lat' dir='ltr'>omnibus</span> <span class='ocrx_word' id='word_1_290' title='bbox 1161 2074 1407 2124; x_wconf 89' lang='lat' dir='ltr'>pertinenciis</span> <span class='ocrx_word' id='word_1_291' title='bbox 1427 2075 1506 2112; x_wconf 86' lang='lat' dir='ltr'>suis</span> <span class='ocrx_word' id='word_1_292' title='bbox 1533 2074 1681 2123; x_wconf 87' lang='lat' dir='ltr'>integre</span> 
     </span>
     <span class='ocr_line' id='line_1_33' title="bbox 217 2127 1681 2178; baseline -0.001 -12"><span class='ocrx_word' id='word_1_293' title='bbox 217 2128 391 2178; x_wconf 85' lang='lat' dir='ltr'>subjecta</span> <span class='ocrx_word' id='word_1_294' title='bbox 410 2129 482 2167; x_wconf 92' lang='lat' dir='ltr'>erit</span> <span class='ocrx_word' id='word_1_295' title='bbox 508 2129 793 2178; x_wconf 87' lang='lat' dir='ltr'>imperpetuum</span> <span class='ocrx_word' id='word_1_296' title='bbox 811 2129 924 2167; x_wconf 87' lang='lat' dir='ltr'>nobis</span> <span class='ocrx_word' id='word_1_297' title='bbox 943 2132 982 2167; x_wconf 90' lang='lat' dir='ltr'>et</span> <span class='ocrx_word' id='word_1_298' title='bbox 1000 2129 1278 2167; x_wconf 89' lang='lat' dir='ltr'>successoribus</span> <span class='ocrx_word' id='word_1_299' title='bbox 1297 2129 1439 2167; x_wconf 90' lang='lat' dir='ltr'>nostris</span> <span class='ocrx_word' id='word_1_300' title='bbox 1459 2132 1496 2166; x_wconf 92' lang='lat' dir='ltr'>et</span> <span class='ocrx_word' id='word_1_301' title='bbox 1525 2127 1681 2166; x_wconf 88' lang='lat' dir='ltr'>ecclesie</span> 
     </span>
     <span class='ocr_line' id='line_1_34' title="bbox 217 2178 1681 2233; baseline -0.001 -13"><span class='ocrx_word' id='word_1_302' title='bbox 217 2182 326 2221; x_wconf 90' lang='lat' dir='ltr'>Linc&#39;</span> <span class='ocrx_word' id='word_1_303' title='bbox 360 2186 399 2221; x_wconf 89' lang='lat' dir='ltr'>et</span> <span class='ocrx_word' id='word_1_304' title='bbox 431 2183 714 2221; x_wconf 87' lang='lat' dir='ltr'>Archidiacono</span> <span class='ocrx_word' id='word_1_305' title='bbox 749 2183 873 2222; x_wconf 88' lang='lat' dir='ltr'>Oxon’</span> <span class='ocrx_word' id='word_1_306' title='bbox 906 2187 1104 2233; x_wconf 89' lang='lat' dir='ltr'>tamquam</span> <span class='ocrx_word' id='word_1_307' title='bbox 1141 2183 1297 2222; x_wconf 88' lang='lat' dir='ltr'>ecclesia</span> <span class='ocrx_word' id='word_1_308' title='bbox 1328 2178 1567 2233; x_wconf 78' lang='lat' dir='ltr'>parochialis,</span> <span class='ocrx_word' id='word_1_309' title='bbox 1637 2181 1681 2220; x_wconf 82' lang='lat' dir='ltr'>Si</span> 
     </span>
     <span class='ocr_line' id='line_1_35' title="bbox 217 2237 1681 2287; baseline -0.001 -12"><span class='ocrx_word' id='word_1_310' title='bbox 217 2249 308 2275; x_wconf 89' lang='lat' dir='ltr'>vero</span> <span class='ocrx_word' id='word_1_311' title='bbox 341 2238 544 2287; x_wconf 87' lang='lat' dir='ltr'>contigerit</span> <span class='ocrx_word' id='word_1_312' title='bbox 574 2237 798 2276; x_wconf 88' lang='lat' dir='ltr'>alterutram</span> <span class='ocrx_word' id='word_1_313' title='bbox 833 2241 1128 2276; x_wconf 88' lang='lat' dir='ltr'>memoratarum</span> <span class='ocrx_word' id='word_1_314' title='bbox 1164 2238 1326 2276; x_wconf 87' lang='lat' dir='ltr'>duarum</span> <span class='ocrx_word' id='word_1_315' title='bbox 1358 2237 1582 2287; x_wconf 89' lang='lat' dir='ltr'>porcionum</span> <span class='ocrx_word' id='word_1_316' title='bbox 1613 2248 1681 2286; x_wconf 86' lang='lat' dir='ltr'>per</span> 
     </span>
     <span class='ocr_line' id='line_1_36' title="bbox 217 2291 1681 2343; baseline -0.001 -14"><span class='ocrx_word' id='word_1_317' title='bbox 217 2304 258 2329; x_wconf 87' lang='lat' dir='ltr'>se</span> <span class='ocrx_word' id='word_1_318' title='bbox 285 2291 391 2341; x_wconf 87' lang='lat' dir='ltr'>prius</span> <span class='ocrx_word' id='word_1_319' title='bbox 418 2304 552 2330; x_wconf 84' lang='lat' dir='ltr'>vacare</span> <span class='ocrx_word' id='word_1_320' title='bbox 581 2291 693 2330; x_wconf 88' lang='lat' dir='ltr'>nobis</span> <span class='ocrx_word' id='word_1_321' title='bbox 727 2295 765 2330; x_wconf 89' lang='lat' dir='ltr'>et</span> <span class='ocrx_word' id='word_1_322' title='bbox 798 2292 1077 2330; x_wconf 86' lang='lat' dir='ltr'>successoribus</span> <span class='ocrx_word' id='word_1_323' title='bbox 1109 2292 1250 2330; x_wconf 85' lang='lat' dir='ltr'>nostris</span> <span class='ocrx_word' id='word_1_324' title='bbox 1281 2291 1565 2343; x_wconf 87' lang='lat' dir='ltr'>presentabitur</span> <span class='ocrx_word' id='word_1_325' title='bbox 1600 2302 1681 2340; x_wconf 91' lang='lat' dir='ltr'>per-</span> 
     </span>
     <span class='ocr_line' id='line_1_37' title="bbox 217 2345 1681 2396; baseline -0.001 -13"><span class='ocrx_word' id='word_1_326' title='bbox 217 2348 358 2395; x_wconf 87' lang='lat' dir='ltr'>petuus</span> <span class='ocrx_word' id='word_1_327' title='bbox 385 2345 550 2385; x_wconf 91' lang='lat' dir='ltr'>vicarius</span> <span class='ocrx_word' id='word_1_328' title='bbox 577 2359 646 2396; x_wconf 88' lang='lat' dir='ltr'>per</span> <span class='ocrx_word' id='word_1_329' title='bbox 673 2349 924 2384; x_wconf 90' lang='lat' dir='ltr'>memoratum</span> <span class='ocrx_word' id='word_1_330' title='bbox 953 2346 1178 2396; x_wconf 88' lang='lat' dir='ltr'>Capitulum</span> <span class='ocrx_word' id='word_1_331' title='bbox 1205 2346 1329 2384; x_wconf 83' lang='lat' dir='ltr'>Exon’</span> <span class='ocrx_word' id='word_1_332' title='bbox 1358 2346 1408 2384; x_wconf 88' lang='lat' dir='ltr'>ad</span> <span class='ocrx_word' id='word_1_333' title='bbox 1435 2346 1531 2384; x_wconf 90' lang='lat' dir='ltr'>duas</span> <span class='ocrx_word' id='word_1_334' title='bbox 1553 2347 1681 2395; x_wconf 86' lang='lat' dir='ltr'>partes</span> 
     </span>
     <span class='ocr_line' id='line_1_38' title="bbox 217 2398 1680 2450; baseline -0.001 -12"><span class='ocrx_word' id='word_1_335' title='bbox 217 2399 324 2438; x_wconf 79' lang='lat' dir='ltr'>illius</span> <span class='ocrx_word' id='word_1_336' title='bbox 368 2401 560 2450; x_wconf 88' lang='lat' dir='ltr'>porcionis</span> <span class='ocrx_word' id='word_1_337' title='bbox 605 2413 628 2438; x_wconf 92' lang='lat' dir='ltr'>a</span> <span class='ocrx_word' id='word_1_338' title='bbox 673 2400 785 2438; x_wconf 91' lang='lat' dir='ltr'>nobis</span> <span class='ocrx_word' id='word_1_339' title='bbox 830 2400 1093 2439; x_wconf 86' lang='lat' dir='ltr'>instituendus</span> <span class='ocrx_word' id='word_1_340' title='bbox 1141 2401 1298 2439; x_wconf 90' lang='lat' dir='ltr'>nomine</span> <span class='ocrx_word' id='word_1_341' title='bbox 1348 2413 1511 2450; x_wconf 88' lang='lat' dir='ltr'>quarum</span> <span class='ocrx_word' id='word_1_342' title='bbox 1556 2398 1680 2437; x_wconf 88' lang='lat' dir='ltr'>solvet</span> 
     </span>
     <span class='ocr_line' id='line_1_39' title="bbox 219 2453 1677 2505; baseline -0.001 -13"><span class='ocrx_word' id='word_1_343' title='bbox 219 2454 400 2504; x_wconf 90' lang='lat' dir='ltr'>Capitulo</span> <span class='ocrx_word' id='word_1_344' title='bbox 429 2454 554 2493; x_wconf 83' lang='lat' dir='ltr'>Exon&#39;</span> <span class='ocrx_word' id='word_1_345' title='bbox 581 2454 754 2504; x_wconf 90' lang='lat' dir='ltr'>quinque</span> <span class='ocrx_word' id='word_1_346' title='bbox 775 2467 920 2493; x_wconf 88' lang='lat' dir='ltr'>marcas</span> <span class='ocrx_word' id='word_1_347' title='bbox 942 2468 1088 2493; x_wconf 88' lang='lat' dir='ltr'>annuas</span> <span class='ocrx_word' id='word_1_348' title='bbox 1110 2455 1267 2494; x_wconf 91' lang='lat' dir='ltr'>nomine</span> <span class='ocrx_word' id='word_1_349' title='bbox 1288 2455 1465 2505; x_wconf 89' lang='lat' dir='ltr'>perpetui</span> <span class='ocrx_word' id='word_1_350' title='bbox 1491 2453 1677 2493; x_wconf 87' lang='lat' dir='ltr'>beneficii.</span> 
     </span>
     <span class='ocr_line' id='line_1_40' title="bbox 218 2507 1682 2560; baseline -0.001 -14"><span class='ocrx_word' id='word_1_351' title='bbox 218 2508 390 2546; x_wconf 90' lang='lat' dir='ltr'>Terciam</span> <span class='ocrx_word' id='word_1_352' title='bbox 408 2521 497 2547; x_wconf 89' lang='lat' dir='ltr'>vero</span> <span class='ocrx_word' id='word_1_353' title='bbox 515 2512 663 2559; x_wconf 86' lang='lat' dir='ltr'>partem</span> <span class='ocrx_word' id='word_1_354' title='bbox 680 2509 788 2547; x_wconf 88' lang='lat' dir='ltr'>illius</span> <span class='ocrx_word' id='word_1_355' title='bbox 809 2509 1000 2560; x_wconf 89' lang='lat' dir='ltr'>porcionis</span> <span class='ocrx_word' id='word_1_356' title='bbox 1026 2509 1174 2548; x_wconf 89' lang='lat' dir='ltr'>tenebit</span> <span class='ocrx_word' id='word_1_357' title='bbox 1192 2509 1297 2548; x_wconf 91' lang='lat' dir='ltr'>idem</span> <span class='ocrx_word' id='word_1_358' title='bbox 1314 2509 1479 2548; x_wconf 86' lang='lat' dir='ltr'>vicarius</span> <span class='ocrx_word' id='word_1_359' title='bbox 1497 2507 1682 2547; x_wconf 89' lang='lat' dir='ltr'>solvendo</span> 
     </span>
     <span class='ocr_line' id='line_1_41' title="bbox 219 2562 1682 2613; baseline -0.001 -13"><span class='ocrx_word' id='word_1_360' title='bbox 219 2562 311 2600; x_wconf 90' lang='lat' dir='ltr'>inde</span> <span class='ocrx_word' id='word_1_361' title='bbox 343 2563 544 2601; x_wconf 88' lang='lat' dir='ltr'>annuatim</span> <span class='ocrx_word' id='word_1_362' title='bbox 578 2563 758 2613; x_wconf 87' lang='lat' dir='ltr'>Capitulo</span> <span class='ocrx_word' id='word_1_363' title='bbox 791 2563 916 2602; x_wconf 83' lang='lat' dir='ltr'>Exon&#39;</span> <span class='ocrx_word' id='word_1_364' title='bbox 948 2564 1105 2602; x_wconf 88' lang='lat' dir='ltr'>nomine</span> <span class='ocrx_word' id='word_1_365' title='bbox 1136 2564 1313 2602; x_wconf 87' lang='lat' dir='ltr'>beneficii</span> <span class='ocrx_word' id='word_1_366' title='bbox 1341 2563 1437 2602; x_wconf 88' lang='lat' dir='ltr'>duas</span> <span class='ocrx_word' id='word_1_367' title='bbox 1469 2575 1613 2601; x_wconf 89' lang='lat' dir='ltr'>marcas</span> <span class='ocrx_word' id='word_1_368' title='bbox 1643 2563 1682 2599; x_wconf 89' lang='lat' dir='ltr'>et</span> 
     </span>
     <span class='ocr_line' id='line_1_42' title="bbox 219 2615 1683 2668; baseline -0.001 -14"><span class='ocrx_word' id='word_1_369' title='bbox 219 2616 420 2655; x_wconf 90' lang='lat' dir='ltr'>dimidiam</span> <span class='ocrx_word' id='word_1_370' title='bbox 448 2617 569 2656; x_wconf 87' lang='lat' dir='ltr'>donec</span> <span class='ocrx_word' id='word_1_371' title='bbox 597 2617 711 2655; x_wconf 90' lang='lat' dir='ltr'>aliam</span> <span class='ocrx_word' id='word_1_372' title='bbox 739 2630 870 2656; x_wconf 87' lang='lat' dir='ltr'>vacare</span> <span class='ocrx_word' id='word_1_373' title='bbox 903 2618 1104 2668; x_wconf 85' lang='lat' dir='ltr'>contigerit</span> <span class='ocrx_word' id='word_1_374' title='bbox 1131 2618 1360 2668; x_wconf 90' lang='lat' dir='ltr'>porcionem.</span> <span class='ocrx_word' id='word_1_375' title='bbox 1419 2618 1471 2656; x_wconf 91' lang='lat' dir='ltr'>Et</span> <span class='ocrx_word' id='word_1_376' title='bbox 1498 2630 1586 2656; x_wconf 86' lang='lat' dir='ltr'>cum</span> <span class='ocrx_word' id='word_1_377' title='bbox 1607 2615 1683 2654; x_wconf 88' lang='lat' dir='ltr'>alia</span> 
     </span>
     <span class='ocr_line' id='line_1_43' title="bbox 218 2669 1682 2723; baseline -0.001 -14"><span class='ocrx_word' id='word_1_378' title='bbox 218 2671 347 2721; x_wconf 89' lang='lat' dir='ltr'>porcio</span> <span class='ocrx_word' id='word_1_379' title='bbox 366 2672 560 2710; x_wconf 87' lang='lat' dir='ltr'>vacaverit</span> <span class='ocrx_word' id='word_1_380' title='bbox 578 2675 672 2710; x_wconf 88' lang='lat' dir='ltr'>tunc</span> <span class='ocrx_word' id='word_1_381' title='bbox 692 2672 760 2709; x_wconf 91' lang='lat' dir='ltr'>illa</span> <span class='ocrx_word' id='word_1_382' title='bbox 778 2673 895 2711; x_wconf 87' lang='lat' dir='ltr'>tercia</span> <span class='ocrx_word' id='word_1_383' title='bbox 913 2673 1167 2723; x_wconf 86' lang='lat' dir='ltr'>conjungetur</span> <span class='ocrx_word' id='word_1_384' title='bbox 1184 2673 1299 2711; x_wconf 89' lang='lat' dir='ltr'>tercie</span> <span class='ocrx_word' id='word_1_385' title='bbox 1317 2673 1473 2711; x_wconf 80' lang='lat' dir='ltr'>alterius</span> <span class='ocrx_word' id='word_1_386' title='bbox 1490 2669 1682 2722; x_wconf 87' lang='lat' dir='ltr'>porcionis</span> 
     </span>
     <span class='ocr_line' id='line_1_44' title="bbox 220 2725 1682 2777; baseline -0.001 -14"><span class='ocrx_word' id='word_1_387' title='bbox 220 2728 258 2763; x_wconf 89' lang='lat' dir='ltr'>et</span> <span class='ocrx_word' id='word_1_388' title='bbox 278 2738 326 2763; x_wconf 88' lang='lat' dir='ltr'>ex</span> <span class='ocrx_word' id='word_1_389' title='bbox 353 2725 432 2764; x_wconf 78' lang='lat' dir='ltr'>illis</span> <span class='ocrx_word' id='word_1_390' title='bbox 460 2726 610 2764; x_wconf 88' lang='lat' dir='ltr'>duabus</span> <span class='ocrx_word' id='word_1_391' title='bbox 641 2726 769 2764; x_wconf 89' lang='lat' dir='ltr'>terciis</span> <span class='ocrx_word' id='word_1_392' title='bbox 801 2727 868 2765; x_wconf 90' lang='lat' dir='ltr'>fiet</span> <span class='ocrx_word' id='word_1_393' title='bbox 899 2739 978 2765; x_wconf 88' lang='lat' dir='ltr'>una</span> <span class='ocrx_word' id='word_1_394' title='bbox 1006 2727 1147 2765; x_wconf 86' lang='lat' dir='ltr'>vicaria</span> <span class='ocrx_word' id='word_1_395' title='bbox 1178 2727 1228 2765; x_wconf 92' lang='lat' dir='ltr'>ad</span> <span class='ocrx_word' id='word_1_396' title='bbox 1255 2740 1371 2777; x_wconf 88' lang='lat' dir='ltr'>quam</span> <span class='ocrx_word' id='word_1_397' title='bbox 1398 2725 1682 2777; x_wconf 88' lang='lat' dir='ltr'>presentabitur</span> 
     </span>
     <span class='ocr_line' id='line_1_45' title="bbox 218 2779 1682 2831; baseline -0.001 -13"><span class='ocrx_word' id='word_1_398' title='bbox 218 2783 427 2829; x_wconf 86' lang='lat' dir='ltr'>perpetuus</span> <span class='ocrx_word' id='word_1_399' title='bbox 463 2780 628 2819; x_wconf 88' lang='lat' dir='ltr'>vicarius</span> <span class='ocrx_word' id='word_1_400' title='bbox 672 2793 739 2831; x_wconf 90' lang='lat' dir='ltr'>per</span> <span class='ocrx_word' id='word_1_401' title='bbox 775 2781 1038 2831; x_wconf 89' lang='lat' dir='ltr'>supradictum</span> <span class='ocrx_word' id='word_1_402' title='bbox 1077 2781 1303 2831; x_wconf 88' lang='lat' dir='ltr'>Capitulum</span> <span class='ocrx_word' id='word_1_403' title='bbox 1337 2779 1463 2819; x_wconf 84' lang='lat' dir='ltr'>Exon’</span> <span class='ocrx_word' id='word_1_404' title='bbox 1498 2781 1611 2819; x_wconf 86' lang='lat' dir='ltr'>nobis</span> <span class='ocrx_word' id='word_1_405' title='bbox 1643 2780 1682 2816; x_wconf 89' lang='lat' dir='ltr'>et</span> 
     </span>
     <span class='ocr_line' id='line_1_46' title="bbox 220 2832 1683 2886; baseline -0.001 -15"><span class='ocrx_word' id='word_1_406' title='bbox 220 2834 500 2873; x_wconf 86' lang='lat' dir='ltr'>successoribus</span> <span class='ocrx_word' id='word_1_407' title='bbox 531 2834 671 2873; x_wconf 86' lang='lat' dir='ltr'>nostris</span> <span class='ocrx_word' id='word_1_408' title='bbox 704 2848 726 2873; x_wconf 86' lang='lat' dir='ltr'>a</span> <span class='ocrx_word' id='word_1_409' title='bbox 757 2835 870 2874; x_wconf 88' lang='lat' dir='ltr'>nobis</span> <span class='ocrx_word' id='word_1_410' title='bbox 901 2835 1164 2874; x_wconf 86' lang='lat' dir='ltr'>instituendus</span> <span class='ocrx_word' id='word_1_411' title='bbox 1197 2836 1265 2886; x_wconf 89' lang='lat' dir='ltr'>qui</span> <span class='ocrx_word' id='word_1_412' title='bbox 1296 2836 1345 2874; x_wconf 88' lang='lat' dir='ltr'>de</span> <span class='ocrx_word' id='word_1_413' title='bbox 1377 2836 1509 2874; x_wconf 88' lang='lat' dir='ltr'>eadem</span> <span class='ocrx_word' id='word_1_414' title='bbox 1540 2832 1683 2873; x_wconf 88' lang='lat' dir='ltr'>vicaria</span> 
     </span>
     <span class='ocr_line' id='line_1_47' title="bbox 220 2887 1682 2940; baseline -0.001 -14"><span class='ocrx_word' id='word_1_415' title='bbox 220 2887 398 2927; x_wconf 83' lang='lat' dir='ltr'>simfliter</span> <span class='ocrx_word' id='word_1_416' title='bbox 428 2889 552 2928; x_wconf 86' lang='lat' dir='ltr'>solvet</span> <span class='ocrx_word' id='word_1_417' title='bbox 584 2889 766 2939; x_wconf 88' lang='lat' dir='ltr'>Capitulo</span> <span class='ocrx_word' id='word_1_418' title='bbox 798 2889 921 2928; x_wconf 86' lang='lat' dir='ltr'>Exon’</span> <span class='ocrx_word' id='word_1_419' title='bbox 954 2889 1126 2940; x_wconf 88' lang='lat' dir='ltr'>quinque</span> <span class='ocrx_word' id='word_1_420' title='bbox 1162 2903 1306 2930; x_wconf 83' lang='lat' dir='ltr'>marcas</span> <span class='ocrx_word' id='word_1_421' title='bbox 1334 2903 1489 2930; x_wconf 63' lang='lat' dir='ltr'>&gt;annuas</span> <span class='ocrx_word' id='word_1_422' title='bbox 1525 2889 1682 2928; x_wconf 89' lang='lat' dir='ltr'>nomine</span> 
     </span>
    </p>
   </div>
  </div>
 </body>
</html>
