1844 3178
732 282 895 316 HUGON
899 283 940 315 IS
971 282 1133 315 WELLS.
1651 274 1674 313 5

218 380 408 431 porcione,
424 392 519 431 quas
545 380 652 430 prius
679 379 835 418 reddere
863 380 1072 418 consuevit.
1130 379 1173 419 Si
1200 382 1329 418 autem
1356 379 1558 429 contigerit
1580 380 1675 420 duas

217 435 414 485 porciones
432 447 525 484 quas
543 434 706 484 predicti
724 436 858 472 tenent
877 434 1002 472 clerici
1022 434 1197 472 similiter
1215 445 1347 471 vacare
1366 437 1442 471 tres
1461 433 1509 471 de
1529 433 1676 473 eisdem

218 489 370 538 equales
401 488 496 526 fiant
531 489 754 538 porciones:
790 490 829 525 et
859 487 926 525 ille
956 491 1033 526 tres
1062 488 1258 538 porciones
1289 487 1343 525 sic
1375 487 1556 525 distincte
1594 493 1672 526 tres

217 545 400 592 perpetue
419 545 531 580 erunt
557 542 695 581 vicarie
722 542 766 579 in
795 541 927 579 eadem
956 542 1112 579 ecclesia
1141 541 1190 579 ad
1217 553 1379 591 quarum
1406 541 1617 590 quamlibet
1637 545 1675 580 et

217 596 524 646 quandocunque
559 595 751 634 vacaverit
787 595 1012 644 Capitulum
1048 595 1171 633 Exon'
1208 595 1444 644 presentabit
1489 596 1675 634 vicarium

217 653 445 699 perpetuum
463 650 575 687 nobis
594 653 632 687 et
659 649 937 687 successoribus
964 650 1104 687 nostris
1131 648 1414 686 instituendum
1432 648 1474 685 in
1503 649 1634 687 eadem
1653 663 1675 687 a

217 703 329 741 nobis
357 706 396 741 et
426 703 591 752 quilibet
622 703 776 741 illorum
808 702 1034 741 vicariorum
1066 703 1257 752 persolvet
1286 702 1466 751 Capitulo
1494 702 1619 740 Exon'
1648 716 1675 741 v

217 769 361 795 marcas
388 770 535 795 annuas
561 757 717 795 nomine
748 757 924 806 perpetui
955 756 1131 794 beneficii
1163 757 1210 794 de
1242 769 1310 794 sua
1337 757 1516 805 porcione
1544 760 1581 794 et
1609 757 1676 794 isti

217 810 350 849 vicarii
369 810 583 849 deservient
601 811 643 848 in
663 811 795 848 eadem
823 810 979 848 ecclesia
1007 811 1188 848 continue
1215 810 1462 859 personaliter
1480 810 1522 847 in
1542 810 1675 848 ordine

217 865 442 902 sacerdotali
469 867 507 902 et
534 864 820 914 respondebunt
845 863 964 901 iidem
991 864 1034 901 in
1060 865 1283 903 universum
1310 863 1359 901 de
1382 864 1676 913 Episcopalibus

217 918 601 956 Archidiaconalibus
624 918 803 956 oneribus
832 921 869 955 et
897 917 1250 955 consuetudinibus.
1307 917 1370 956 Ita
1397 918 1553 967 quidem
1572 918 1678 967 quod

217 973 481 1023 unusquisque
494 985 562 1022 pro
577 985 646 1010 3110
659 972 743 1010 vice
757 975 795 1010 et
810 984 878 1009 suo
893 984 994 1009 anno
1009 971 1081 1009 1100
1097 974 1154 1009 est
1166 971 1214 1009 de
1228 971 1394 1009 triennio
1408 973 1452 1009 in
1465 972 1676 1009 triennium

217 1026 329 1064 nobis
348 1029 386 1064 et
404 1026 682 1064 successoribus
700 1026 841 1064 nostris
860 1028 897 1063 et
911 1025 1191 1063 Archidiacono
1207 1024 1330 1064 Oxon'
1345 1028 1425 1063 tam
1444 1025 1491 1063 de
1505 1025 1677 1075 hospicio

218 1093 334 1130 quam
352 1080 400 1117 de
426 1080 583 1129 reliquis
614 1080 792 1118 oneribus
818 1080 862 1117 in
889 1078 995 1117 solid’
1025 1079 1284 1129 respondebit.
1337 1079 1507 1117 Ecclesia
1525 1092 1677 1129 quoque

218 1134 391 1183 ejusdem
423 1134 515 1172 ville
552 1134 600 1171 de
626 1134 794 1172 Bamton
821 1146 909 1171 cum
938 1133 1117 1171 omnibus
1149 1133 1395 1182 pertinenciis
1424 1133 1503 1171 suis
1531 1134 1676 1183 integre

217 1188 391 1237 subjecta
409 1188 481 1225 erit
499 1187 781 1237 imperpetuum
803 1188 915 1225 nobis
943 1190 982 1225 et
1009 1187 1286 1225 successoribus
1304 1188 1446 1225 nostris
1465 1190 1503 1225 et
1522 1187 1677 1225 ecclesie

218 1241 325 1279 Linc’
345 1244 384 1279 et
402 1241 682 1279 Archidiacono
703 1241 826 1280 Oxon'
846 1244 1031 1290 tanquam
1050 1241 1205 1279 ecclesia
1228 1241 1468 1290 parochialis.
1525 1241 1568 1279 Si
1587 1254 1676 1279 vero

218 1295 421 1345 contigerit
439 1296 660 1333 alterutram
677 1298 971 1333 memoratarum
995 1295 1156 1332 duarum
1175 1295 1398 1344 porcionum
1417 1307 1484 1344 per
1511 1307 1551 1332 se
1570 1295 1676 1344 prius

218 1362 351 1387 vacare
370 1349 482 1387 nobis
501 1353 539 1387 et
554 1350 831 1387 successoribus
847 1349 986 1386 nostris
998 1349 1281 1398 presentabitur
1292 1353 1498 1397 perpetuus
1513 1349 1677 1387 vicarius

218 1416 286 1453 per
310 1406 562 1441 memoratum
591 1403 815 1453 Capitulum
844 1402 967 1440 Exon’
1005 1403 1054 1440 ad
1081 1403 1175 1440 duas
1203 1405 1328 1452 partes
1355 1402 1461 1440 illius
1487 1403 1678 1452 porcionis

218 1470 241 1495 a
269 1457 383 1495 nobis
414 1457 686 1495 instituendus.
744 1457 913 1494 Nomine
945 1469 1108 1506 quarum
1139 1456 1262 1494 solvet
1292 1455 1473 1506 Capitulo
1501 1456 1623 1494 Exon'
1652 1470 1679 1495 v

218 1524 362 1549 marcas
394 1524 540 1549 annuas
570 1511 728 1549 nomine
759 1510 936 1561 perpetui
967 1510 1153 1548 beneficii.
1209 1510 1379 1548 Terciam
1411 1523 1501 1549 vero
1533 1514 1680 1560 partem

218 1565 325 1603 illius
356 1565 547 1614 porcionis
579 1565 727 1603 tenebit
771 1564 875 1602 idem
922 1564 1086 1602 vicarius
1123 1563 1307 1602 solvendo
1343 1564 1436 1602 inde
1480 1565 1680 1602 annuatim

220 1619 401 1668 capitulo
453 1619 579 1656 Exon'
622 1618 779 1656 nomine
828 1618 1005 1656 beneficii
1049 1617 1144 1655 duas
1194 1631 1337 1656 marcas
1386 1621 1424 1656 et
1478 1618 1681 1656 dimidiam

219 1672 342 1710 donec
377 1673 492 1710 aliam
531 1685 661 1711 vacare
698 1672 899 1722 contigerit
937 1672 1166 1722 porcionem.
1232 1672 1285 1710 Et
1317 1685 1405 1709 cum
1441 1672 1516 1709 alia
1551 1672 1680 1721 porcio

218 1727 410 1765 vacaverit
428 1730 522 1764 tunc
539 1727 607 1764 illa
625 1727 742 1764 tercia
763 1726 1016 1775 conjungetur
1042 1726 1158 1764 tercie
1185 1725 1341 1763 alterius
1363 1726 1555 1775 porcionis
1575 1729 1612 1764 et
1632 1739 1681 1764 ex

218 1780 297 1818 illis
316 1780 465 1819 duabus
484 1781 611 1819 terciis
629 1781 696 1818 fiet
709 1793 787 1818 11110
806 1781 948 1818 vicaria
967 1780 1017 1817 ad
1038 1793 1153 1830 quam
1171 1780 1454 1829 presentabitur
1472 1783 1681 1830 perpetuus

218 1835 383 1873 vicarius
419 1848 487 1884 per
514 1835 776 1884 supradictum
813 1832 896 1885 [Fo.
928 1832 1007 1886 2³.]
1074 1834 1297 1883 Capitulum
1334 1834 1458 1871 Exon'
1495 1834 1608 1871 nobis
1645 1837 1684 1872 et

219 1889 498 1927 successoribus
524 1889 667 1926 nostris
699 1902 722 1926 a
753 1889 866 1926 nobis
903 1888 1166 1926 instituendus
1202 1888 1271 1937 qui
1303 1887 1350 1925 de
1383 1887 1515 1925 eadem
1542 1888 1683 1926 vicaria

219 1942 397 1980 similiter
432 1943 557 1981 solvet
591 1942 773 1992 Capitulo
804 1942 926 1980 Exon'
960 1942 1131 1991 quinque
1167 1954 1311 1979 marcas
1347 1954 1494 1980 annuas
1525 1942 1682 1979 nomine

219 1996 395 2046 perpetui
412 1996 598 2035 beneficii.
655 1996 721 2034 Ad
739 1996 835 2033 duas
854 1996 1011 2046 quidem
1027 1996 1120 2033 alias
1133 1999 1259 2045 partes
1273 1996 1555 2045 presentabitur
1568 1996 1681 2033 nobis

220 2053 259 2088 et
276 2051 555 2089 successoribus
577 2050 718 2088 nostris
736 2050 914 2088 similiter
940 2050 1105 2088 vicarius
1131 2052 1339 2099 perpetuus
1358 2063 1380 2087 0
1398 2050 1509 2087 nobis
1528 2049 1681 2087 institu-

220 2104 342 2142 endus
361 2105 430 2154 qui
448 2105 562 2142 etiam
582 2105 754 2154 quinque
781 2117 925 2142 marcas
951 2116 1098 2141 annuas
1125 2104 1281 2141 nomine
1308 2104 1486 2153 perpetui
1502 2103 1680 2141 beneficii

220 2158 413 2208 sepedicto
442 2158 620 2208 Capitulo
648 2156 769 2196 Exon'
803 2158 1018 2208 persolvet:
1048 2160 1086 2195 et
1115 2160 1258 2195 extunc
1289 2161 1401 2195 erunt
1433 2160 1509 2195 tres
1538 2157 1679 2195 vicarie

219 2215 401 2262 perpetue
429 2215 467 2250 et
494 2216 571 2250 tres
597 2212 731 2250 vicarii
761 2213 937 2262 perpetui
965 2212 1008 2249 in
1040 2211 1172 2249 eadem
1201 2211 1357 2249 ecclesia
1383 2212 1677 2261 imperpetuum.

222 2266 300 2314 Qui
318 2267 451 2304 vicarii
469 2266 523 2304 310
541 2279 609 2316 per
626 2279 696 2305 nos
716 2269 754 2304 et
781 2278 1013 2304 successores
1040 2269 1190 2303 nostros
1217 2265 1389 2303 instituti
1408 2268 1488 2303 tam
1506 2265 1619 2303 nobis
1640 2268 1679 2302 et

220 2320 498 2358 successoribus
529 2321 671 2358 nostris
703 2323 741 2358 et
773 2320 929 2358 ecclesie
960 2319 1136 2357 Lincoln'
1169 2321 1207 2357 et
1238 2319 1519 2357 Archidiacono
1553 2319 1679 2357 Oxon'

220 2386 336 2423 quam
355 2374 534 2424 Capitulo
552 2373 677 2412 Exon'
695 2374 907 2413 secundum
931 2373 1038 2424 quod
1056 2373 1284 2423 premissum
1302 2377 1360 2412 est
1378 2372 1676 2423 respondebunt.

221 2428 349 2467 Salvis
367 2428 410 2466 in
428 2428 607 2466 omnibus
625 2429 686 2466 Sco.

302 2479 493 2534 [Inserted
508 2483 549 2520 in
562 2483 623 2520 the
637 2482 789 2531 marqc'n
804 2482 846 2520 in
861 2495 886 2520 a
900 2483 1186 2529 contemporary
1196 2481 1303 2519 hand
1317 2480 1428 2519 :—de
1440 2480 1512 2519 hac
1525 2481 1680 2519 ecclesia

219 2535 366 2574 habent
378 2535 422 2587 (2)
443 2536 485 2586 iij
506 2536 649 2575 solidos
666 2549 734 2586 per
752 2549 824 2574 con
852 2566 860 2575 .
910 2565 919 2574 .
975 2564 984 2574 .
1016 2535 1194 2586 Hugonis
1212 2548 1315 2573 nunc
1335 2535 1504 2585 episcopi
1517 2538 1556 2573 et
1567 2532 1680 2587 capi.]

303 2650 520 2685 BURTON.
553 2643 707 2682 Vicaria
721 2644 763 2682 111
778 2643 934 2682 ecclesia
948 2643 995 2681 de
1009 2643 1159 2681 Burton
1178 2644 1288 2693 cujus
1303 2656 1419 2681 unam
1434 2643 1677 2680 medietatem

221 2698 263 2736 in
280 2697 444 2748 propriis
463 2698 597 2736 usibus
624 2698 802 2748 optinent
820 2698 954 2735 Abbas
982 2701 1020 2735 et
1047 2700 1259 2735 conventus
1279 2697 1392 2735 Osen'
1412 2700 1451 2735 et
1469 2697 1583 2735 aliam
1603 2696 1679 2734 sibi

221 2752 378 2790 concedi
391 2752 589 2802 postulant
605 2756 650 2790 ut
667 2752 831 2790 habetur
848 2752 891 2790 in
909 2751 1162 2801 inquisicione
1181 2751 1385 2789 consistere
1400 2754 1526 2801 potest
1540 2751 1583 2788 in
1597 2753 1678 2788 toto

221 2805 402 2857 altaragio
421 2810 460 2845 et
477 2807 520 2845 in
538 2806 700 2845 dimidia
718 2807 864 2856 virgata
891 2809 989 2844 terre
1015 2818 1103 2844 cum
1129 2809 1238 2855 prato
1258 2805 1307 2843 ad
1326 2805 1468 2844 dictam
1486 2804 1682 2843 ecclesiam
