1844 3178
230 318 251 357 1
259 319 284 358 2
744 327 881 362 LIBER
910 327 1146 369 ANTIQUUS

743 525 1167 619 ffiohingham.

870 652 954 706 [ΕΟ.
980 653 1049 707 43].

309 749 581 784 ιΑνΕΝΟΕΝ.
617 740 772 779 Vicaria
790 740 833 778 111
851 740 1008 779 ecclesia
1036 741 1084 779 de
1111 739 1322 780 Lavenden
1343 753 1419 791 que
1441 744 1498 779 est
1526 741 1692 780 Abbatis

227 800 266 835 et
284 797 508 836 Conventus
525 796 569 833 in
588 794 720 833 eadem
739 794 917 845 parochia
938 792 1099 847 [blank]

309 910 608 945 BRAYNFELD.
644 902 799 941 Vicaria
851 902 896 940 in
949 902 1105 941 ecclesia
1159 902 1207 941 de
1261 902 1472 942 Brainfeud
1516 915 1591 953 que
1636 905 1694 941 est

227 959 453 997 monialium
471 958 519 996 de
537 956 724 995 Harwold
743 954 905 1009 [blank]

309 1072 598 1107 FFlRlGRAVE.
635 1064 790 1103 Vicaria
800 1064 842 1101 in
859 1064 1017 1102 ecclesia
1031 1063 1078 1102 de
1097 1063 1293 1115 Firigraue
1311 1076 1386 1114 que
1400 1066 1458 1102 est
1468 1064 1694 1103 monialium

228 1120 267 1160 S.
289 1119 412 1158 Marie
430 1119 479 1157 de
497 1119 770 1169 Norhampton
790 1116 951 1171 [blank]

308 1234 557 1269 ESTWODE.
593 1226 749 1265 Vicaria
760 1226 803 1263 in
817 1225 974 1264 ecclesia
989 1225 1037 1263 de
1050 1225 1232 1264 Estwode
1252 1238 1326 1275 que
1345 1228 1403 1264 est
1420 1225 1695 1265 monachorum

226 1282 273 1320 de
293 1281 334 1319 N
335 1281 498 1331 euporth
527 1281 677 1330 Paynel
705 1280 931 1318 auctoritate
961 1280 1115 1318 concilii
1144 1280 1319 1318 ordinata
1349 1280 1524 1319 consistit
1550 1281 1593 1318 in
1611 1284 1693 1319 toto

226 1336 406 1386 altaragio
426 1348 513 1374 cum
531 1335 693 1373 minutis
713 1334 872 1373 decimis
891 1337 930 1373 et
950 1347 1038 1372 cum
1055 1346 1188 1373 manso
1209 1334 1452 1384 competenti.

308 1450 412 1483 ΡνΑ.
435 1449 693 1484 ΒΗΙΚΗυΙ-ι,
719 1442 875 1480 Vicaria
892 1442 936 1480 in
955 1441 1112 1480 ecclesia
1131 1442 1178 1480 de
1193 1441 1355 1480 Brichill
1369 1454 1443 1492 que
1457 1444 1515 1480 est
1530 1442 1696 1482 Canoni-

227 1510 356 1536 corum
375 1497 423 1535 de
452 1497 691 1536 Cumbewell
718 1497 945 1535 auctoritate
973 1496 1126 1534 concilii
1153 1496 1329 1534 ordinata
1356 1496 1533 1535 consistit
1550 1497 1593 1534 in
1611 1499 1693 1535 toto

225 1552 406 1601 altaragio
426 1564 515 1590 cum
534 1551 696 1590 minutis
716 1550 875 1589 decimis
896 1553 934 1588 et
952 1550 996 1588 in
1015 1550 1145 1588 decem
1163 1550 1259 1589 acris
1278 1554 1377 1588 terre
1396 1553 1434 1588 et
1452 1551 1495 1588 in
1512 1563 1591 1589 una
1609 1563 1695 1589 acra.

226 1606 327 1657 prati
346 1618 433 1644 cum
452 1618 586 1644 manso
605 1605 850 1656 competenti.
908 1604 960 1642 Et
978 1604 1083 1644 valet
1102 1604 1172 1644 vix
1190 1607 1354 1655 quatuor
1371 1605 1494 1643 marc'.

307 1719 683 1755 WOLFRlNG-TON.
721 1710 876 1750 Vicaria
911 1712 955 1749 in
982 1712 1138 1750 ecclesia
1165 1712 1213 1750 de
1241 1712 1510 1763 Wolfrington
1537 1725 1612 1762 que
1640 1715 1697 1750 est

227 1768 405 1818 priorisse
424 1770 462 1805 et
482 1769 695 1805 conventus
716 1766 764 1804 de
782 1766 997 1804 Bradewell
1015 1779 1064 1804 ex
1083 1766 1233 1804 dudum
1265 1766 1439 1804 ordinata
1458 1767 1633 1805 consistit
1651 1767 1695 1805 in

228 1822 407 1860 omnibus
439 1821 743 1859 obvencionibus
783 1821 905 1870 ipsius
941 1819 1096 1858 ecclesie
1132 1823 1258 1870 preter
1294 1820 1459 1858 decimas
1494 1821 1696 1870 garbarum

227 1879 387 1925 excepta
414 1875 621 1912 medietate
658 1874 903 1912 candelarum
941 1874 1156 1912 oblatarum
1193 1875 1236 1912 111
1268 1874 1378 1912 festis
1419 1875 1695 1924 purificationis

229 1930 347 1969 Beate
375 1929 498 1967 Marie
518 1928 652 1968 Sancti
671 1929 853 1967 Nicholai
881 1931 919 1966 et
946 1928 1085 1967 Sancte
1104 1928 1228 1966 Marie
1246 1928 1485 1978 Magdalene.
1541 1929 1696 1967 Dicitur

228 1985 348 2022 eciam
367 1983 551 2033 quasdam
572 1983 740 2021 decimas
758 1982 966 2033 aliquando
986 1982 1037 2021 ad
1054 1982 1236 2021 vicariam
1249 1983 1484 2033 pertinentes
1504 1983 1628 2022 eidem
1647 1983 1696 2021 de

227 2051 329 2077 novo
349 2050 429 2076 6666
448 2037 671 2076 subtractas.

309 2152 606 2187 SEPESHALE.
644 2144 799 2183 Vicaria
826 2144 869 2182 in
899 2144 1054 2183 ecclesia
1083 2144 1131 2182 de
1160 2143 1355 2194 Sepeshal’
1382 2157 1457 2194 que
1484 2148 1542 2183 est
1568 2157 1697 2183 mona-

230 2199 389 2238 chorum
409 2199 457 2237 de
477 2198 684 2248 Ncuporth
712 2212 759 2237 ex
778 2199 927 2236 dudum
955 2199 1131 2236 ordinata
1154 2198 1329 2236 consistit
1351 2199 1394 2236 in
1412 2201 1494 2236 toto
1513 2199 1696 2249 altaragio

231 2267 318 2292 cum
354 2253 516 2291 minutis
554 2253 712 2290 decimis
752 2253 922 2302 exceptis
959 2253 1068 2302 agnis
1105 2255 1143 2290 et
1172 2252 1295 2301 primo
1331 2250 1624 2314 testa[1nen*]to
1634 2230 1695 2291 0et

231 2308 496 2346 oblacionibus
541 2307 620 2344 diei
658 2307 792 2346 Sancti
827 2307 1041 2344 Laurencii.
1100 2306 1289 2346 Consistit
1316 2307 1435 2345 eciam
1461 2307 1504 2345 in
1536 2307 1695 2346 decimis

229 2362 431 2412 garbarum
449 2361 565 2400 unius
583 2360 677 2400 hide
697 2364 795 2400 terre
822 2361 865 2398 in
883 2360 1104 2400 Harlmede.

717 2431 733 2449 ἕ
751 2430 777 2457 A
788 2430 853 2457 fiaw
864 2430 895 2456 in
907 2430 957 2456 the
967 2430 1136 2462 parchment
1147 2429 1221 2456 here.

310 2528 632 2563 WOLSESTON.
669 2518 825 2557 Vicaria
843 2519 886 2556 in
905 2518 1060 2556 ecclesia
1075 2518 1123 2556 de
1137 2517 1341 2556 Wolseton
1356 2517 1443 2570 (sic)
1458 2531 1534 2569 que
1548 2521 1605 2557 est
1616 2518 1695 2557 Ab·

229 2574 330 2612 batis
340 2577 378 2611 et
391 2574 615 2613 Conventus
626 2572 673 2610 de
684 2573 846 2612 Cultura
856 2572 1061 2612 Cenoman'
1072 2575 1159 2622 post
1172 2572 1377 2610 concilium
1387 2572 1511 2611 Oxon'
1521 2573 1696 2612 ordinata

231 2628 406 2666 consistit
423 2628 466 2664 in
485 2627 642 2664 decimis
661 2628 862 2677 garbarum
881 2627 929 2664 de
952 2626 1144 2664 dominico
1171 2626 1446 2665 monachorum
1464 2627 1512 2665 de
1532 2627 1694 2666 Cultura

231 2686 269 2720 et
287 2682 508 2720 tenencium
528 2694 658 2718 eorum
676 2683 718 2719 in
739 2681 833 2719 villa
852 2681 900 2719 de
919 2680 1123 2718 Wolseton
1151 2693 1238 2718 cum
1265 2683 1348 2718 toto
1376 2681 1557 2731 altaragio
1585 2684 1625 2718 et
1652 2682 1696 2719 in

231 2736 411 2774 omnibus
438 2735 594 2773 decimis
622 2735 665 2772 in
692 2735 871 2785 parochia
897 2734 944 2772 de
973 2734 1150 2773 Crouleia
1177 2734 1228 2771 ad
1254 2734 1397 2775 dictam
1424 2735 1620 2773 ecclesiam
1648 2735 1696 2772 de

231 2790 435 2828 Wolseton
461 2789 723 2839 spectantibus
751 2802 839 2827 cum
865 2801 944 2826 una
962 2800 1047 2827 acra
1063 2788 1190 2827 terre
1179 2801 1222 2827 1n
1240 2786 1403 2838 utroque
1431 2801 1564 2855 campo
1592 2788 1696 2842 apud

231 2844 434 2883 Wolseton
452 2847 491 2881 et
510 2856 597 2882 cum
616 2856 749 2881 manso
768 2845 1018 2893 competente.
