1844 3178
242 357 297 400 70
771 366 908 400 LIBER
937 366 1172 407 ANTIQUUS

872 466 954 512 [ΕΟ.
977 463 1074 518 20³]

321 545 609 581 SCOTHORN,
646 535 800 573 Vicaria
827 535 868 572 in
898 535 1055 573 ecclesia
1082 535 1129 573 de
1158 535 1360 582 Scothorn,
1380 548 1455 585 que
1477 538 1535 573 est
1553 535 1702 573 abbatis

240 595 280 630 et
299 593 512 629 conventus
541 590 588 626 de
616 589 797 638 Barling’,
818 590 1042 627 auctoritate
1070 589 1223 627 concilii
1251 589 1437 637 ordinata,
1458 590 1633 627 consistit
1659 589 1703 627 in

239 649 322 683 toto
345 644 536 693 altaragio,
559 642 674 682 salvis
701 643 794 680 inde
824 642 1003 692 Capitulo
1031 642 1206 681 Lincoln’
1226 656 1253 680 x
1280 643 1413 680 solidis
1441 644 1579 682 annuis
1606 656 1703 693 quos

239 700 344 738 idem
376 698 601 748 Capitulum
637 697 686 734 ab
719 697 879 746 antiquo
916 697 1108 746 percipere
1145 700 1426 735 consueverunt
1463 710 1531 747 per
1566 709 1702 735 manus

239 754 411 803 ipsorum
448 751 598 789 abbatis
638 753 676 788 013
714 753 936 789 conventus.
994 751 1078 801 Ipsi
1114 763 1203 788 vero
1241 751 1359 788 abbas
1406 753 1444 788 et
1489 754 1703 789 conventus

240 807 457 857 hospicium
484 804 760 842 Archidiaconi
787 804 1058 854 procurabunt,
1088 807 1127 842 et
1154 805 1319 843 vicarius
1346 805 1535 843 sinodalia
1565 805 1699 843 solvet.

237 861 355 899 Valet
374 859 504 898 totalis
524 858 679 897 ecclesia
698 864 773 896 Xem
792 860 917 905 marc',
936 859 1078 897 vicaria
1102 871 1129 897 v
1147 858 1269 897 marc’.

319 977 498 1011 ΤΗΟΒΡ,
535 966 690 1005 Vicaria
708 967 751 1004 in
784 967 941 1004 ecclesia
974 967 1022 1004 de
1040 966 1183 1016 Thorp,
1203 979 1277 1016 que
1306 969 1363 1004 est
1389 966 1701 1016 Temphriorum,

240 1023 465 1061 auctoritate
484 1020 638 1058 concilii
657 1020 842 1068 ordinata,
863 1020 1040 1058 consistit
1057 1021 1100 1058 in
1119 1023 1201 1058 toto
1221 1021 1413 1070 astaragio,
1434 1024 1472 1058 et
1490 1021 1533 1058 in
1552 1020 1703 1058 duobus

239 1076 441 1126 quartariis
461 1075 509 1112 (10
528 1075 720 1112 frumento
739 1087 807 1124 per
826 1087 983 1121 annum,
1000 1077 1039 1112 et
1056 1075 1099 1112 in
1113 1074 1263 1112 duabus
1281 1075 1417 1112 marcis
1436 1074 1583 1124 argenti
1601 1077 1703 1112 certo

238 1131 321 1169 loco
341 1129 595 1179 assignandis,
616 1132 654 1166 et
671 1129 713 1166 in
741 1128 908 1178 quodam
936 1129 1035 1167 tofto
1064 1128 1168 1178 quod
1185 1129 1262 1166 fuit
1281 1129 1442 1166 Roberti
1461 1129 1561 1166 Gric.
1619 1128 1704 1178 Ipsi

238 1188 369 1223 autem
404 1183 612 1233 Templarii
649 1183 778 1220 omnia
814 1196 929 1220 onera
974 1183 1165 1220 ordinaria
1208 1183 1331 1232 ipsius
1377 1183 1532 1220 ecclesie
1577 1185 1704 1232 preter

240 1238 431 1276 sinodalia
449 1237 709 1284 sustinebunt,
729 1249 804 1286 que
822 1237 986 1275 vicarius
1005 1237 1205 1286 persolvet.
1255 1236 1372 1274 Dicte
1386 1250 1476 1275 vero
1491 1237 1567 1274 duo
1581 1249 1705 1274 marce

238 1305 365 1330 annue
383 1295 518 1342 postea
535 1294 627 1329 sunt
645 1291 834 1340 assignate
848 1291 890 1328 in
909 1291 1013 1328 hunc
1032 1291 1190 1328 modum
1202 1304 1214 1339 3
1242 1290 1289 1328 de
1308 1291 1463 1329 redditu
1481 1290 1627 1328 Thome
1655 1290 1703 1328 de

238 1347 408 1386 Stanton
440 1349 588 1395 septem
620 1345 761 1383 solidos
794 1348 832 1382 et
863 1343 993 1394 vijd.,*
1019 1344 1067 1382 de
1099 1344 1254 1382 redditu
1286 1345 1465 1395 Hugonis
1497 1344 1548 1382 fil’
1568 1344 1704 1382 Rande

239 1401 411 1450 quinque
430 1400 585 1447 solidos,
607 1399 655 1437 de
674 1399 830 1437 redditu
849 1398 1010 1436 Roberti
1028 1398 1199 1447 Quenild
1213 1401 1298 1436 00130
1313 1399 1466 1446 0011(100,
1483 1399 1530 1436 (10
1548 1398 1704 1436 redditu

237 1454 436 1492 Lamberti
453 1454 626 1504 quinque
645 1453 798 1501 solidos,
815 1453 863 1491 (10
877 1453 1032 1491 redditu
1046 1453 1208 1491 Roberti
1221 1453 1308 1491 Peil
1327 1453 1374 1491 de
1393 1453 1487 1493 Cerf
1501 1452 1703 1491 duodecim

237 1509 423 1547 denanos'
532 1562 548 1579 su
559 1561 650 1586 These
661 1561 794 1587 amounts
805 1566 853 1586 are
864 1560 1031 1591 apparently
1043 1559 1085 1586 1d.
1099 1560 1180 1585 Shm't
1191 1559 1221 1586 οῗ
1237 1561 1295 1586 tw⁰
1305 1566 1406 1586 mams'

320 1659 664 1694 GEYNESBURG’
694 1646 988 1701 [Gainsburyh]
1051 1648 1206 1686 Vicaria
1232 1649 1275 1686 in
1303 1647 1459 1686 ecclesia
1481 1648 1529 1686 (10
1548 1647 1703 1686 Geines-

237 1704 357 1754 burg',
396 1717 471 1754 que
508 1707 566 1741 est
602 1703 822 1749 eorundem,
870 1703 1096 1740 auctoritate
1138 1703 1292 1740 concilii
1328 1703 1382 1740 sic
1419 1706 1476 1740 0013
1513 1702 1699 1740 ordinata.

239 1758 412 1796 Habebit
431 1761 560 1795 autem
578 1757 741 1796 vicarius
769 1757 925 1795 nomine
945 1759 1127 1806 perpetue
1154 1757 1295 1795 vicarie
1322 1759 1447 1794 totum
1476 1756 1704 1805 altaragium

239 1825 327 1850 cum
358 1825 492 1850 manso
525 1811 769 1861 competenti,
791 1811 975 1849 solvendo
1008 1810 1099 1848 inde
1131 1810 1246 1849 dictis
1274 1810 1457 1849 fratribus
1489 1810 1625 1860 templi
1661 1810 1704 1847 xl

237 1866 381 1904 solidos
400 1878 558 1913 annuos,
581 1869 619 1903 et
638 1868 808 1914 preterea
826 1864 1011 1903 solvendo
1035 1864 1234 1904 sinodalia.
1291 1865 1376 1915 Ipsi
1402 1878 1491 1904 vero
1511 1864 1704 1915 templarii

237 1920 453 1970 hospicium
472 1919 731 1958 archidiaconi
749 1919 1020 1969 procurabunt.
1497 1941 1503 1945 Α

703 1988 740 2014 111
751 1989 801 2014 13110
813 1988 934 2020 margin,
946 1988 977 2013 in
994 1995 1012 2013 a
1023 1988 1095 2014 later
1106 1987 1183 2014 hand
1193 1994 1234 2014 :—

238 2040 377 2078 Postea
395 2040 571 2078 ordinata
590 2042 648 2078 est
668 2039 710 2077 in
741 2039 847 2077 hunc
878 2039 1061 2077 modum:
1089 2039 1139 2077 ad
1165 2038 1347 2077 vicariam
1374 2038 1422 2076 de
1451 2038 1704 2089 Gaynesburg

238 2094 435 2132 adduntur
453 2095 496 2144 iij
517 2107 642 2132 marce
661 2106 755 2144 quas
774 2093 974 2132 consuevit
992 2093 1156 2132 vicarius
1170 2094 1316 2132 solvere
1333 2093 1555 2143 templariis,
1576 2096 1615 2131 et
1633 2093 1704 2131 1100

238 2149 503 2199 augmentacio
548 2148 648 2187 facta
693 2147 771 2186 fuit
815 2150 986 2197 tempore
1030 2147 1135 2186 beati
1181 2147 1352 2195 Roberti,
1400 2150 1444 2185 ut
1489 2148 1531 2185 in
1577 2147 1703 2186 rotulo

237 2203 466 2242 continetur.

317 2319 656 2354 wll—EGHETON’
689 2306 999 2362 [Willouyhton]
1056 2309 1209 2350 Vicaria
1237 2309 1279 2347 in
1316 2309 1521 2348 medietate
1548 2308 1704 2347 ecclesie

239 2365 288 2403 de
312 2364 566 2415 Wilegheton'
597 2376 672 2413 que
699 2367 757 2402 est
789 2363 940 2402 abbatis
972 2367 1011 2401 et
1042 2366 1255 2402 conventus
1287 2363 1449 2413 Andeg’,
1478 2364 1703 2402 auctoritate

239 2418 394 2456 concilii
413 2419 598 2464 ordinata,
620 2418 796 2455 consistit
822 2418 865 2455 in
893 2421 976 2455 toto
1004 2417 1184 2467 altaragio
1212 2417 1318 2455 illius
1345 2418 1574 2465 medietatis,
1595 2420 1633 2455 et
1660 2418 1703 2455 in

236 2473 386 2510 ‘decima
406 2473 511 2510 bladi
529 2485 554 2510 v
573 2472 801 2510 bovatarum
819 2475 916 2509 terre
949 2474 987 2509 et
1020 2471 1180 2509 dimidie
1207 2484 1301 2521 quas
1327 2472 1463 2511 Simon
1482 2472 1533 2510 fil'
1554 2472 1702 2519 Iuonis,

238 2526 279 2564 N
281 2526 417 2576 igellus
437 2526 631 2573 Cuterich,
668 2526 796 2564 Hamo
829 2526 952 2573 Bulle,
990 2525 1228 2575 Reginaldus
1262 2526 1498 2574 Bercharius,
1531 2526 1703 2564 Albreda

240 2581 370 2628 vidua,
391 2580 628 2618 Willielmus
664 2579 884 2627 Hereward,
906 2583 945 2617 et
976 2580 1198 2618 Alexander
1229 2581 1444 2629 prepositus
1472 2582 1680 2618 tenuerunt
1692 2593 1705 2627 3

237 2647 312 2685 que
331 2635 488 2685 quidem
508 2634 653 2672 decime
686 2634 900 2684 appreciate
931 2638 1022 2671 sunt
1055 2634 1104 2672 ad
1132 2646 1250 2672 unam
1269 2647 1433 2672 marcam
1445 2647 1458 2682 3
1484 2638 1523 2672 et
1541 2634 1584 2671 in
1602 2634 1702 2671 tofto

238 2689 342 2738 quod
361 2689 438 2727 fuit
470 2688 627 2726 Radulfi
657 2687 710 2725 fil’
739 2687 954 2726 Willielmi.
1013 2687 1190 2725 Vicarius
1224 2700 1314 2726 vero
1344 2688 1468 2727 solvet
1501 2687 1699 2726 sinodalia.

238 2742 423 2781 Monachi
444 2755 534 2781 vero
554 2742 814 2792 procurabunt
831 2741 1048 2792 hospicium
1066 2741 1352 2780 Archidiaconi.

317 2859 670 2894 wJLEGHETON¹‚
728 2849 883 2888 Vicaria
900 2850 944 2887 in
965 2849 1171 2888 medietate
1190 2849 1345 2888 ecclesie
1364 2849 1412 2888 de
1431 2849 1702 2899 Wilegheton'‚

238 2917 314 2954 que
333 2908 390 2942 est
408 2904 722 2954 Templariorum‚
744 2905 969 2942 auctoritate
988 2904 1141 2942 concilii
1160 2904 1346 2952 ordinata,
1366 2904 1543 2943 consistit
1559 2904 1602 2942 in
1620 2907 1703 2943 toto
