<?xml version="1.0" encoding="UTF-8"?>
<!DOCTYPE html PUBLIC "-//W3C//DTD XHTML 1.0 Transitional//EN"
    "http://www.w3.org/TR/xhtml1/DTD/xhtml1-transitional.dtd">
<html xmlns="http://www.w3.org/1999/xhtml" xml:lang="en" lang="en">
 <head>
  <title>
</title>
<meta http-equiv="Content-Type" content="text/html;charset=utf-8" />
  <meta name='ocr-system' content='tesseract 3.04.00' />
  <meta name='ocr-capabilities' content='ocr_page ocr_carea ocr_par ocr_line ocrx_word'/>
</head>
<body>
  <div class='ocr_page' id='page_1' title='image "./liberantiquusdeo00linc_0037.png"; bbox 0 0 1844 3178; ppageno 0'>
   <div class='ocr_carea' id='block_1_1' title="bbox 650 326 1586 371">
    <p class='ocr_par' dir='ltr' id='par_1_1' title="bbox 650 326 1586 371">
     <span class='ocr_line' id='line_1_1' title="bbox 650 326 1586 371; baseline -0.006 0"><span class='ocrx_word' id='word_1_1' title='bbox 650 337 855 371; x_wconf 82' lang='lat' dir='ltr'>HUGONJS</span> <span class='ocrx_word' id='word_1_2' title='bbox 887 335 1050 370; x_wconf 81' lang='lat' dir='ltr'>WELLs.</span> <span class='ocrx_word' id='word_1_3' title='bbox 1534 326 1586 366; x_wconf 78' lang='lat'>23</span> 
     </span>
    </p>
   </div>
   <div class='ocr_carea' id='block_1_2' title="bbox 126 433 1592 636">
    <p class='ocr_par' dir='ltr' id='par_1_2' title="bbox 126 433 1592 636">
     <span class='ocr_line' id='line_1_2' title="bbox 208 433 1591 483; baseline -0.002 -7"><span class='ocrx_word' id='word_1_4' title='bbox 208 443 427 478; x_wconf 79' lang='grc' dir='ltr'>ΟυΝΤΟΝ.</span> <span class='ocrx_word' id='word_1_5' title='bbox 466 436 618 474; x_wconf 87' lang='lat' dir='ltr'>Vicaria</span> <span class='ocrx_word' id='word_1_6' title='bbox 630 436 672 473; x_wconf 91' lang='lat' dir='ltr'>in</span> <span class='ocrx_word' id='word_1_7' title='bbox 691 435 847 473; x_wconf 88' lang='lat' dir='ltr'>ecclesia</span> <span class='ocrx_word' id='word_1_8' title='bbox 874 434 921 472; x_wconf 90' lang='lat' dir='ltr'>de</span> <span class='ocrx_word' id='word_1_9' title='bbox 948 434 1112 472; x_wconf 89' lang='lat' dir='ltr'>Dunton</span> <span class='ocrx_word' id='word_1_10' title='bbox 1131 446 1205 483; x_wconf 88' lang='lat' dir='ltr'>que</span> <span class='ocrx_word' id='word_1_11' title='bbox 1224 435 1281 470; x_wconf 82' lang='lat' dir='ltr'>est</span> <span class='ocrx_word' id='word_1_12' title='bbox 1300 433 1524 472; x_wconf 89' lang='lat' dir='ltr'>monialium</span> <span class='ocrx_word' id='word_1_13' title='bbox 1544 435 1591 473; x_wconf 91' lang='lat' dir='ltr'>de</span> 
     </span>
     <span class='ocr_line' id='line_1_3' title="bbox 128 486 1590 536; baseline -0.001 -8"><span class='ocrx_word' id='word_1_14' title='bbox 128 490 310 528; x_wconf 85' lang='lat' dir='ltr'>Haliwell</span> <span class='ocrx_word' id='word_1_15' title='bbox 328 489 525 528; x_wconf 87' lang='lat' dir='ltr'>exdudum</span> <span class='ocrx_word' id='word_1_16' title='bbox 555 490 729 528; x_wconf 86' lang='lat' dir='ltr'>ordinata</span> <span class='ocrx_word' id='word_1_17' title='bbox 760 488 936 526; x_wconf 72' lang='lat' dir='ltr'>consistit</span> <span class='ocrx_word' id='word_1_18' title='bbox 969 488 1011 525; x_wconf 91' lang='lat' dir='ltr'>in</span> <span class='ocrx_word' id='word_1_19' title='bbox 1043 491 1125 526; x_wconf 91' lang='lat' dir='ltr'>toto</span> <span class='ocrx_word' id='word_1_20' title='bbox 1153 486 1333 536; x_wconf 86' lang='lat' dir='ltr'>altaragio</span> <span class='ocrx_word' id='word_1_21' title='bbox 1352 499 1439 524; x_wconf 87' lang='lat' dir='ltr'>cum</span> <span class='ocrx_word' id='word_1_22' title='bbox 1458 500 1590 526; x_wconf 87' lang='lat' dir='ltr'>manso</span> 
     </span>
     <span class='ocr_line' id='line_1_4' title="bbox 126 540 1592 594; baseline -0.001 -13"><span class='ocrx_word' id='word_1_23' title='bbox 126 546 366 594; x_wconf 87' lang='lat' dir='ltr'>competente</span> <span class='ocrx_word' id='word_1_24' title='bbox 385 547 423 582; x_wconf 88' lang='lat' dir='ltr'>et</span> <span class='ocrx_word' id='word_1_25' title='bbox 441 544 647 583; x_wconf 71' lang='lat' dir='ltr'><strong>sustinebit</strong></span> <span class='ocrx_word' id='word_1_26' title='bbox 664 543 829 582; x_wconf 87' lang='lat' dir='ltr'>vicarius</span> <span class='ocrx_word' id='word_1_27' title='bbox 852 542 981 580; x_wconf 88' lang='lat' dir='ltr'>omnia</span> <span class='ocrx_word' id='word_1_28' title='bbox 1008 554 1121 580; x_wconf 87' lang='lat' dir='ltr'>onera</span> <span class='ocrx_word' id='word_1_29' title='bbox 1147 540 1253 579; x_wconf 89' lang='lat' dir='ltr'>illius</span> <span class='ocrx_word' id='word_1_30' title='bbox 1281 540 1435 579; x_wconf 80' lang='lat' dir='ltr'>ecclesie</span> <span class='ocrx_word' id='word_1_31' title='bbox 1461 541 1592 580; x_wconf 80' lang='lat' dir='ltr'>debita</span> 
     </span>
     <span class='ocr_line' id='line_1_5' title="bbox 127 600 374 636; baseline -0.004 0"><span class='ocrx_word' id='word_1_32' title='bbox 127 600 165 636; x_wconf 88' lang='lat' dir='ltr'>et</span> <span class='ocrx_word' id='word_1_33' title='bbox 184 600 374 636; x_wconf 88' lang='lat' dir='ltr'>consueta.</span> 
     </span>
    </p>
   </div>
   <div class='ocr_carea' id='block_1_3' title="bbox 127 702 1593 1066">
    <p class='ocr_par' dir='ltr' id='par_1_3' title="bbox 127 702 1593 1066">
     <span class='ocr_line' id='line_1_6' title="bbox 210 702 1590 752; baseline -0.001 -9"><span class='ocrx_word' id='word_1_34' title='bbox 210 714 515 749; x_wconf 66' lang='lat' dir='ltr'><strong>LANGEFORD,</strong></span> <span class='ocrx_word' id='word_1_35' title='bbox 553 705 706 743; x_wconf 81' lang='lat' dir='ltr'>Vicaria</span> <span class='ocrx_word' id='word_1_36' title='bbox 724 704 767 741; x_wconf 89' lang='lat' dir='ltr'>in</span> <span class='ocrx_word' id='word_1_37' title='bbox 786 703 941 741; x_wconf 90' lang='lat' dir='ltr'>ecclesia</span> <span class='ocrx_word' id='word_1_38' title='bbox 962 703 1008 740; x_wconf 91' lang='lat' dir='ltr'>de</span> <span class='ocrx_word' id='word_1_39' title='bbox 1023 702 1241 751; x_wconf 81' lang='lat' dir='ltr'>Langeford</span> <span class='ocrx_word' id='word_1_40' title='bbox 1260 715 1334 752; x_wconf 89' lang='lat' dir='ltr'>que</span> <span class='ocrx_word' id='word_1_41' title='bbox 1353 705 1410 740; x_wconf 90' lang='lat' dir='ltr'>est</span> <span class='ocrx_word' id='word_1_42' title='bbox 1429 702 1590 741; x_wconf 77' lang='lat' dir='ltr'><strong>fratrum</strong></span> 
     </span>
     <span class='ocr_line' id='line_1_7' title="bbox 127 756 1590 807; baseline -0.001 -11"><span class='ocrx_word' id='word_1_43' title='bbox 127 758 269 796; x_wconf 82' lang='lat' dir='ltr'>milicie</span> <span class='ocrx_word' id='word_1_44' title='bbox 288 758 438 807; x_wconf 88' lang='lat' dir='ltr'>Templi</span> <span class='ocrx_word' id='word_1_45' title='bbox 457 759 683 796; x_wconf 86' lang='lat' dir='ltr'>auctoritate</span> <span class='ocrx_word' id='word_1_46' title='bbox 695 757 847 796; x_wconf 81' lang='lat' dir='ltr'>conc-ilii</span> <span class='ocrx_word' id='word_1_47' title='bbox 867 757 1041 794; x_wconf 87' lang='lat' dir='ltr'>ordinata</span> <span class='ocrx_word' id='word_1_48' title='bbox 1053 756 1228 794; x_wconf 74' lang='lat' dir='ltr'>consistit</span> <span class='ocrx_word' id='word_1_49' title='bbox 1246 756 1288 793; x_wconf 89' lang='lat' dir='ltr'>in</span> <span class='ocrx_word' id='word_1_50' title='bbox 1307 759 1389 794; x_wconf 91' lang='lat' dir='ltr'>toto</span> <span class='ocrx_word' id='word_1_51' title='bbox 1409 757 1590 806; x_wconf 85' lang='lat' dir='ltr'>altaragio</span> 
     </span>
     <span class='ocr_line' id='line_1_8' title="bbox 128 810 1591 862; baseline 0 -13"><span class='ocrx_word' id='word_1_52' title='bbox 128 812 301 862; x_wconf 85' lang='lat' dir='ltr'>ejusdem</span> <span class='ocrx_word' id='word_1_53' title='bbox 323 813 477 849; x_wconf 82' lang='lat' dir='ltr'>ecclesie</span> <span class='ocrx_word' id='word_1_54' title='bbox 497 825 584 850; x_wconf 87' lang='lat' dir='ltr'>cum</span> <span class='ocrx_word' id='word_1_55' title='bbox 612 825 745 850; x_wconf 87' lang='lat' dir='ltr'>manso</span> <span class='ocrx_word' id='word_1_56' title='bbox 774 813 1012 861; x_wconf 85' lang='lat' dir='ltr'>competente</span> <span class='ocrx_word' id='word_1_57' title='bbox 1041 813 1079 848; x_wconf 89' lang='lat' dir='ltr'>et</span> <span class='ocrx_word' id='word_1_58' title='bbox 1103 810 1145 847; x_wconf 88' lang='lat' dir='ltr'>in</span> <span class='ocrx_word' id='word_1_59' title='bbox 1165 810 1343 847; x_wconf 89' lang='lat' dir='ltr'>omnibus</span> <span class='ocrx_word' id='word_1_60' title='bbox 1363 810 1411 847; x_wconf 85' lang='lat' dir='ltr'>ad</span> <span class='ocrx_word' id='word_1_61' title='bbox 1430 811 1591 849; x_wconf 88' lang='lat' dir='ltr'>eandem</span> 
     </span>
     <span class='ocr_line' id='line_1_9' title="bbox 127 863 1591 916; baseline 0 -13"><span class='ocrx_word' id='word_1_62' title='bbox 127 866 389 915; x_wconf 87' lang='lat' dir='ltr'>spectantibus</span> <span class='ocrx_word' id='word_1_63' title='bbox 408 869 533 916; x_wconf 89' lang='lat' dir='ltr'>preter</span> <span class='ocrx_word' id='word_1_64' title='bbox 554 866 719 904; x_wconf 84' lang='lat' dir='ltr'>decimas</span> <span class='ocrx_word' id='word_1_65' title='bbox 734 865 935 915; x_wconf 82' lang='lat' dir='ltr'><strong>garbarum</strong></span> <span class='ocrx_word' id='word_1_66' title='bbox 955 867 991 901; x_wconf 90' lang='lat' dir='ltr'>et</span> <span class='ocrx_word' id='word_1_67' title='bbox 1006 867 1131 914; x_wconf 86' lang='lat' dir='ltr'>preter</span> <span class='ocrx_word' id='word_1_68' title='bbox 1146 863 1310 901; x_wconf 81' lang='lat' dir='ltr'>decimas</span> <span class='ocrx_word' id='word_1_69' title='bbox 1321 864 1591 913; x_wconf 88' lang='lat' dir='ltr'>provenientes</span> 
     </span>
     <span class='ocr_line' id='line_1_10' title="bbox 128 918 1591 970; baseline -0.001 -13"><span class='ocrx_word' id='word_1_70' title='bbox 128 920 175 957; x_wconf 91' lang='lat' dir='ltr'>de</span> <span class='ocrx_word' id='word_1_71' title='bbox 207 920 440 958; x_wconf 83' lang='lat' dir='ltr'>molendinis</span> <span class='ocrx_word' id='word_1_72' title='bbox 473 923 510 957; x_wconf 91' lang='lat' dir='ltr'>et</span> <span class='ocrx_word' id='word_1_73' title='bbox 543 923 670 970; x_wconf 88' lang='lat' dir='ltr'>preter</span> <span class='ocrx_word' id='word_1_74' title='bbox 701 923 839 957; x_wconf 89' lang='lat' dir='ltr'>terram</span> <span class='ocrx_word' id='word_1_75' title='bbox 877 918 1042 956; x_wconf 87' lang='lat' dir='ltr'>ecclesie.</span> <span class='ocrx_word' id='word_1_76' title='bbox 1099 918 1151 956; x_wconf 88' lang='lat' dir='ltr'>Et</span> <span class='ocrx_word' id='word_1_77' title='bbox 1188 918 1394 956; x_wconf 85' lang='lat' dir='ltr'>sustinebit</span> <span class='ocrx_word' id='word_1_78' title='bbox 1426 919 1591 956; x_wconf 86' lang='lat' dir='ltr'>vicarius</span> 
     </span>
     <span class='ocr_line' id='line_1_11' title="bbox 129 971 1593 1022; baseline 0 -11"><span class='ocrx_word' id='word_1_79' title='bbox 129 974 258 1011; x_wconf 89' lang='lat' dir='ltr'>omnia</span> <span class='ocrx_word' id='word_1_80' title='bbox 287 987 400 1012; x_wconf 85' lang='lat' dir='ltr'>onera</span> <span class='ocrx_word' id='word_1_81' title='bbox 428 973 532 1011; x_wconf 89' lang='lat' dir='ltr'>illius</span> <span class='ocrx_word' id='word_1_82' title='bbox 563 973 718 1011; x_wconf 84' lang='lat' dir='ltr'>ecclesie</span> <span class='ocrx_word' id='word_1_83' title='bbox 755 973 885 1011; x_wconf 88' lang='lat' dir='ltr'>debita</span> <span class='ocrx_word' id='word_1_84' title='bbox 913 976 950 1010; x_wconf 91' lang='lat' dir='ltr'>et</span> <span class='ocrx_word' id='word_1_85' title='bbox 978 974 1170 1019; x_wconf 87' lang='lat' dir='ltr'>consueta,</span> <span class='ocrx_word' id='word_1_86' title='bbox 1199 971 1382 1010; x_wconf 86' lang='lat' dir='ltr'>solvendo</span> <span class='ocrx_word' id='word_1_87' title='bbox 1410 972 1593 1022; x_wconf 72' lang='lat' dir='ltr'>predictis</span> 
     </span>
     <span class='ocr_line' id='line_1_12' title="bbox 129 1026 1048 1066; baseline -0.002 -1"><span class='ocrx_word' id='word_1_88' title='bbox 129 1027 311 1066; x_wconf 86' lang='lat' dir='ltr'>fratribus</span> <span class='ocrx_word' id='word_1_89' title='bbox 330 1040 448 1066; x_wconf 86' lang='lat' dir='ltr'>unam</span> <span class='ocrx_word' id='word_1_90' title='bbox 466 1040 632 1066; x_wconf 78' lang='lat' dir='ltr'>marcam</span> <span class='ocrx_word' id='word_1_91' title='bbox 651 1040 819 1065; x_wconf 86' lang='lat' dir='ltr'>annuam</span> <span class='ocrx_word' id='word_1_92' title='bbox 839 1026 887 1064; x_wconf 90' lang='lat' dir='ltr'>de</span> <span class='ocrx_word' id='word_1_93' title='bbox 906 1026 1048 1064; x_wconf 88' lang='lat' dir='ltr'>eadem.</span> 
     </span>
    </p>
   </div>
   <div class='ocr_carea' id='block_1_4' title="bbox 129 1132 1593 1239">
    <p class='ocr_par' dir='ltr' id='par_1_4' title="bbox 129 1132 1593 1239">
     <span class='ocr_line' id='line_1_13' title="bbox 211 1132 1593 1176; baseline -0.002 -1"><span class='ocrx_word' id='word_1_94' title='bbox 211 1141 251 1175; x_wconf 92' lang='lat' dir='ltr'>S.</span> <span class='ocrx_word' id='word_1_95' title='bbox 271 1141 522 1176; x_wconf 77' lang='lat' dir='ltr'>dOHANNlS</span> <span class='ocrx_word' id='word_1_96' title='bbox 542 1140 835 1175; x_wconf 67' lang='lat' dir='ltr'>BEDEFORD’.</span> <span class='ocrx_word' id='word_1_97' title='bbox 849 1134 1003 1172; x_wconf 87' lang='lat' dir='ltr'>Vioaria</span> <span class='ocrx_word' id='word_1_98' title='bbox 1020 1133 1063 1171; x_wconf 85' lang='lat' dir='ltr'>in</span> <span class='ocrx_word' id='word_1_99' title='bbox 1082 1132 1238 1170; x_wconf 88' lang='lat' dir='ltr'>ecclesia</span> <span class='ocrx_word' id='word_1_100' title='bbox 1253 1132 1385 1171; x_wconf 86' lang='lat' dir='ltr'>Sancti</span> <span class='ocrx_word' id='word_1_101' title='bbox 1399 1134 1427 1172; x_wconf 82' lang='lat' dir='ltr'>J</span> <span class='ocrx_word' id='word_1_102' title='bbox 1429 1133 1593 1172; x_wconf 86' lang='lat' dir='ltr'>ohannis</span> 
     </span>
     <span class='ocr_line' id='line_1_14' title="bbox 129 1185 1321 1239; baseline -0.002 -12"><span class='ocrx_word' id='word_1_103' title='bbox 129 1187 266 1227; x_wconf 81' lang='lat' dir='ltr'>Bedef&#39;</span> <span class='ocrx_word' id='word_1_104' title='bbox 286 1201 360 1237; x_wconf 88' lang='lat' dir='ltr'>que</span> <span class='ocrx_word' id='word_1_105' title='bbox 379 1191 436 1226; x_wconf 87' lang='lat' dir='ltr'>est</span> <span class='ocrx_word' id='word_1_106' title='bbox 455 1189 616 1226; x_wconf 83' lang='lat' dir='ltr'>fratrum</span> <span class='ocrx_word' id='word_1_107' title='bbox 637 1187 829 1238; x_wconf 88' lang='lat' dir='ltr'>Hospital&#39;</span> <span class='ocrx_word' id='word_1_108' title='bbox 852 1188 1024 1238; x_wconf 83' lang='lat' dir='ltr'>ejusdem</span> <span class='ocrx_word' id='word_1_109' title='bbox 1047 1187 1139 1226; x_wconf 89' lang='lat' dir='ltr'>ville</span> <span class='ocrx_word' id='word_1_110' title='bbox 1162 1185 1321 1239; x_wconf 66' lang='lat' dir='ltr'>[blank]</span> 
     </span>
    </p>
   </div>
   <div class='ocr_carea' id='block_1_5' title="bbox 129 1294 1594 1669">
    <p class='ocr_par' dir='ltr' id='par_1_5' title="bbox 129 1294 1594 1669">
     <span class='ocr_line' id='line_1_15' title="bbox 211 1294 1593 1345; baseline -0.005 -5"><span class='ocrx_word' id='word_1_111' title='bbox 211 1305 535 1339; x_wconf 79' lang='lat' dir='ltr'>KEMMESTON.</span> <span class='ocrx_word' id='word_1_112' title='bbox 569 1296 723 1334; x_wconf 87' lang='lat' dir='ltr'>Vicaria</span> <span class='ocrx_word' id='word_1_113' title='bbox 759 1295 802 1333; x_wconf 88' lang='lat' dir='ltr'>in</span> <span class='ocrx_word' id='word_1_114' title='bbox 848 1295 1003 1334; x_wconf 85' lang='lat' dir='ltr'>ecclesia</span> <span class='ocrx_word' id='word_1_115' title='bbox 1040 1295 1089 1333; x_wconf 89' lang='lat' dir='ltr'>de</span> <span class='ocrx_word' id='word_1_116' title='bbox 1134 1294 1387 1332; x_wconf 86' lang='lat' dir='ltr'>Kemmeston</span> <span class='ocrx_word' id='word_1_117' title='bbox 1425 1308 1499 1345; x_wconf 86' lang='lat' dir='ltr'>que</span> <span class='ocrx_word' id='word_1_118' title='bbox 1536 1299 1593 1334; x_wconf 91' lang='lat' dir='ltr'>est</span> 
     </span>
     <span class='ocr_line' id='line_1_16' title="bbox 129 1348 1593 1388; baseline 0.001 -1"><span class='ocrx_word' id='word_1_119' title='bbox 129 1349 334 1388; x_wconf 87' lang='lat' dir='ltr'>Abbatisse</span> <span class='ocrx_word' id='word_1_120' title='bbox 353 1354 391 1387; x_wconf 91' lang='lat' dir='ltr'>et</span> <span class='ocrx_word' id='word_1_121' title='bbox 409 1350 634 1387; x_wconf 85' lang='lat' dir='ltr'>monialium</span> <span class='ocrx_word' id='word_1_122' title='bbox 662 1350 709 1387; x_wconf 87' lang='lat' dir='ltr'>de</span> <span class='ocrx_word' id='word_1_123' title='bbox 737 1350 958 1387; x_wconf 81' lang='lat' dir='ltr'>Alnestowe</span> <span class='ocrx_word' id='word_1_124' title='bbox 986 1348 1211 1387; x_wconf 83' lang='lat' dir='ltr'>auctoritate</span> <span class='ocrx_word' id='word_1_125' title='bbox 1238 1349 1392 1386; x_wconf 90' lang='lat' dir='ltr'>concilii</span> <span class='ocrx_word' id='word_1_126' title='bbox 1418 1349 1593 1388; x_wconf 86' lang='lat' dir='ltr'>ordinata</span> 
     </span>
     <span class='ocr_line' id='line_1_17' title="bbox 131 1403 1593 1453; baseline 0 -12"><span class='ocrx_word' id='word_1_127' title='bbox 131 1404 304 1442; x_wconf 85' lang='lat' dir='ltr'>consistit</span> <span class='ocrx_word' id='word_1_128' title='bbox 323 1404 365 1441; x_wconf 90' lang='lat' dir='ltr'>in</span> <span class='ocrx_word' id='word_1_129' title='bbox 382 1406 464 1442; x_wconf 90' lang='lat' dir='ltr'>toto</span> <span class='ocrx_word' id='word_1_130' title='bbox 481 1404 661 1453; x_wconf 86' lang='lat' dir='ltr'>altaragio</span> <span class='ocrx_word' id='word_1_131' title='bbox 676 1404 781 1441; x_wconf 89' lang='lat' dir='ltr'>illius</span> <span class='ocrx_word' id='word_1_132' title='bbox 800 1404 954 1441; x_wconf 90' lang='lat' dir='ltr'>ecclesie</span> <span class='ocrx_word' id='word_1_133' title='bbox 969 1407 1007 1441; x_wconf 91' lang='lat' dir='ltr'>et</span> <span class='ocrx_word' id='word_1_134' title='bbox 1021 1415 1153 1440; x_wconf 89' lang='lat' dir='ltr'>manso</span> <span class='ocrx_word' id='word_1_135' title='bbox 1164 1403 1279 1452; x_wconf 79' lang='lat' dir='ltr'>juxta</span> <span class='ocrx_word' id='word_1_136' title='bbox 1294 1403 1490 1440; x_wconf 87' lang='lat' dir='ltr'>ecclesiam</span> <span class='ocrx_word' id='word_1_137' title='bbox 1505 1416 1593 1441; x_wconf 89' lang='grc'><strong>611111</strong></span> 
     </span>
     <span class='ocr_line' id='line_1_18' title="bbox 130 1456 1593 1507; baseline 0 -12"><span class='ocrx_word' id='word_1_138' title='bbox 130 1458 249 1496; x_wconf 85' lang='lat' dir='ltr'>crofta</span> <span class='ocrx_word' id='word_1_139' title='bbox 269 1458 318 1495; x_wconf 89' lang='lat' dir='ltr'>ad</span> <span class='ocrx_word' id='word_1_140' title='bbox 336 1458 516 1496; x_wconf 87' lang='lat' dir='ltr'>vicariam</span> <span class='ocrx_word' id='word_1_141' title='bbox 535 1458 726 1507; x_wconf 86' lang='lat' dir='ltr'>assignato</span> <span class='ocrx_word' id='word_1_142' title='bbox 745 1471 753 1495; x_wconf 69' lang='grc' dir='ltr'>ε</span> <span class='ocrx_word' id='word_1_143' title='bbox 782 1457 897 1495; x_wconf 87' lang='lat' dir='ltr'>salvis</span> <span class='ocrx_word' id='word_1_144' title='bbox 917 1457 1030 1495; x_wconf 89' lang='lat' dir='ltr'>dictis</span> <span class='ocrx_word' id='word_1_145' title='bbox 1054 1456 1287 1494; x_wconf 89' lang='lat' dir='ltr'>monialibus</span> <span class='ocrx_word' id='word_1_146' title='bbox 1306 1456 1348 1494; x_wconf 85' lang='lat' dir='ltr'>xl</span> <span class='ocrx_word' id='word_1_147' title='bbox 1367 1457 1433 1494; x_wconf 90' lang='lat' dir='ltr'>sol&#39;</span> <span class='ocrx_word' id='word_1_148' title='bbox 1453 1458 1593 1495; x_wconf 86' lang='lat' dir='ltr'>annuis</span> 
     </span>
     <span class='ocr_line' id='line_1_19' title="bbox 129 1510 1593 1561; baseline 0 -12"><span class='ocrx_word' id='word_1_149' title='bbox 129 1525 196 1561; x_wconf 86' lang='lat' dir='ltr'>per</span> <span class='ocrx_word' id='word_1_150' title='bbox 232 1524 388 1549; x_wconf 88' lang='lat' dir='ltr'>manum</span> <span class='ocrx_word' id='word_1_151' title='bbox 424 1512 558 1550; x_wconf 85' lang='lat' dir='ltr'>vicarii</span> <span class='ocrx_word' id='word_1_152' title='bbox 601 1511 757 1549; x_wconf 90' lang='lat' dir='ltr'>nomine</span> <span class='ocrx_word' id='word_1_153' title='bbox 802 1511 980 1549; x_wconf 87' lang='lat' dir='ltr'>beneficii</span> <span class='ocrx_word' id='word_1_154' title='bbox 1024 1511 1203 1560; x_wconf 88' lang='lat' dir='ltr'>perpetui</span> <span class='ocrx_word' id='word_1_155' title='bbox 1240 1510 1287 1547; x_wconf 92' lang='lat' dir='ltr'>de</span> <span class='ocrx_word' id='word_1_156' title='bbox 1333 1511 1417 1560; x_wconf 86' lang='lat' dir='ltr'>ipsa</span> <span class='ocrx_word' id='word_1_157' title='bbox 1452 1511 1593 1549; x_wconf 83' lang='lat' dir='ltr'>vicaria</span> 
     </span>
     <span class='ocr_line' id='line_1_20' title="bbox 129 1564 1594 1615; baseline 0 -12"><span class='ocrx_word' id='word_1_158' title='bbox 129 1566 384 1615; x_wconf 88' lang='lat' dir='ltr'>percipiendis</span> <span class='ocrx_word' id='word_1_159' title='bbox 413 1569 451 1603; x_wconf 91' lang='lat' dir='ltr'>et</span> <span class='ocrx_word' id='word_1_160' title='bbox 489 1566 686 1603; x_wconf 89' lang='lat' dir='ltr'>oblacione</span> <span class='ocrx_word' id='word_1_161' title='bbox 734 1565 891 1603; x_wconf 84' lang='lat' dir='ltr'>candele</span> <span class='ocrx_word' id='word_1_162' title='bbox 933 1565 996 1602; x_wconf 92' lang='lat' dir='ltr'>die</span> <span class='ocrx_word' id='word_1_163' title='bbox 1031 1564 1311 1615; x_wconf 85' lang='lat' dir='ltr'>purificacionis</span> <span class='ocrx_word' id='word_1_164' title='bbox 1348 1564 1397 1602; x_wconf 86' lang='lat' dir='ltr'>ad</span> <span class='ocrx_word' id='word_1_165' title='bbox 1434 1565 1594 1603; x_wconf 90' lang='lat' dir='ltr'>eandem</span> 
     </span>
     <span class='ocr_line' id='line_1_21' title="bbox 130 1619 612 1669; baseline 0 -12"><span class='ocrx_word' id='word_1_166' title='bbox 130 1619 326 1658; x_wconf 87' lang='lat' dir='ltr'>ecclesiam</span> <span class='ocrx_word' id='word_1_167' title='bbox 352 1620 612 1669; x_wconf 87' lang='lat' dir='ltr'>proveniente.</span> 
     </span>
    </p>
   </div>
   <div class='ocr_carea' id='block_1_6' title="bbox 131 1725 1594 2036">
    <p class='ocr_par' dir='ltr' id='par_1_6' title="bbox 131 1725 1594 2036">
     <span class='ocr_line' id='line_1_22' title="bbox 210 1725 1593 1776; baseline 0.001 -12"><span class='ocrx_word' id='word_1_168' title='bbox 210 1736 530 1770; x_wconf 65' lang='lat' dir='ltr'>GOLDlNGETO</span> <span class='ocrx_word' id='word_1_169' title='bbox 539 1737 581 1770; x_wconf 93' lang='grc' dir='ltr'>Ν,</span> <span class='ocrx_word' id='word_1_170' title='bbox 618 1726 773 1764; x_wconf 87' lang='lat' dir='ltr'>Vicaria</span> <span class='ocrx_word' id='word_1_171' title='bbox 800 1727 842 1764; x_wconf 90' lang='lat' dir='ltr'>in</span> <span class='ocrx_word' id='word_1_172' title='bbox 870 1726 1026 1764; x_wconf 86' lang='lat' dir='ltr'>ecclesia</span> <span class='ocrx_word' id='word_1_173' title='bbox 1059 1726 1106 1763; x_wconf 89' lang='lat' dir='ltr'>de</span> <span class='ocrx_word' id='word_1_174' title='bbox 1144 1725 1404 1776; x_wconf 85' lang='lat' dir='ltr'>Goldingeton</span> <span class='ocrx_word' id='word_1_175' title='bbox 1432 1740 1506 1776; x_wconf 87' lang='lat' dir='ltr'>que</span> <span class='ocrx_word' id='word_1_176' title='bbox 1537 1730 1593 1765; x_wconf 85' lang='lat' dir='ltr'>est</span> 
     </span>
     <span class='ocr_line' id='line_1_23' title="bbox 131 1780 1594 1831; baseline 0.001 -13"><span class='ocrx_word' id='word_1_177' title='bbox 131 1781 268 1831; x_wconf 89' lang='lat' dir='ltr'>prioris</span> <span class='ocrx_word' id='word_1_178' title='bbox 296 1785 334 1818; x_wconf 89' lang='lat' dir='ltr'>et</span> <span class='ocrx_word' id='word_1_179' title='bbox 363 1784 575 1818; x_wconf 87' lang='lat' dir='ltr'>conventus</span> <span class='ocrx_word' id='word_1_180' title='bbox 603 1781 652 1818; x_wconf 90' lang='lat' dir='ltr'>de</span> <span class='ocrx_word' id='word_1_181' title='bbox 689 1780 729 1818; x_wconf 85' lang='grc' dir='ltr'>Ν</span> <span class='ocrx_word' id='word_1_182' title='bbox 731 1780 929 1819; x_wconf 88' lang='lat' dir='ltr'>ewenham</span> <span class='ocrx_word' id='word_1_183' title='bbox 966 1780 1191 1818; x_wconf 87' lang='lat' dir='ltr'>auctoritate</span> <span class='ocrx_word' id='word_1_184' title='bbox 1230 1780 1382 1818; x_wconf 85' lang='lat' dir='ltr'>concilii</span> <span class='ocrx_word' id='word_1_185' title='bbox 1419 1781 1594 1819; x_wconf 84' lang='lat' dir='ltr'>ordinata</span> 
     </span>
     <span class='ocr_line' id='line_1_24' title="bbox 132 1833 1594 1884; baseline 0 -11"><span class='ocrx_word' id='word_1_186' title='bbox 132 1835 310 1873; x_wconf 87' lang='lat' dir='ltr'>consistit</span> <span class='ocrx_word' id='word_1_187' title='bbox 329 1835 367 1872; x_wconf 91' lang='lat' dir='ltr'>in</span> <span class='ocrx_word' id='word_1_188' title='bbox 389 1837 471 1872; x_wconf 93' lang='lat' dir='ltr'>toto</span> <span class='ocrx_word' id='word_1_189' title='bbox 491 1835 672 1884; x_wconf 87' lang='lat' dir='ltr'>altaragio</span> <span class='ocrx_word' id='word_1_190' title='bbox 701 1847 789 1873; x_wconf 89' lang='lat' dir='ltr'>cum</span> <span class='ocrx_word' id='word_1_191' title='bbox 816 1835 995 1872; x_wconf 87' lang='lat' dir='ltr'>omnibus</span> <span class='ocrx_word' id='word_1_192' title='bbox 1022 1834 1184 1871; x_wconf 89' lang='lat' dir='ltr'>minutis</span> <span class='ocrx_word' id='word_1_193' title='bbox 1211 1833 1368 1871; x_wconf 90' lang='lat' dir='ltr'>decimis</span> <span class='ocrx_word' id='word_1_194' title='bbox 1387 1838 1425 1872; x_wconf 88' lang='lat' dir='ltr'>et</span> <span class='ocrx_word' id='word_1_195' title='bbox 1444 1835 1594 1873; x_wconf 82' lang='lat' dir='ltr'>duabus</span> 
     </span>
     <span class='ocr_line' id='line_1_25' title="bbox 131 1886 1590 1940; baseline 0.001 -14"><span class='ocrx_word' id='word_1_196' title='bbox 131 1889 226 1926; x_wconf 88' lang='lat' dir='ltr'>acris</span> <span class='ocrx_word' id='word_1_197' title='bbox 240 1892 337 1926; x_wconf 88' lang='lat' dir='ltr'>terre</span> <span class='ocrx_word' id='word_1_198' title='bbox 351 1889 393 1926; x_wconf 89' lang='lat' dir='ltr'>in</span> <span class='ocrx_word' id='word_1_199' title='bbox 409 1889 551 1938; x_wconf 87' lang='lat' dir='ltr'>campis</span> <span class='ocrx_word' id='word_1_200' title='bbox 567 1886 708 1940; x_wconf 88' lang='lat' dir='ltr'>[preter</span> <span class='ocrx_word' id='word_1_201' title='bbox 722 1889 850 1926; x_wconf 90' lang='lat' dir='ltr'>lanam</span> <span class='ocrx_word' id='word_1_202' title='bbox 862 1891 900 1926; x_wconf 91' lang='lat' dir='ltr'>et</span> <span class='ocrx_word' id='word_1_203' title='bbox 914 1887 1075 1940; x_wconf 54' lang='lat' dir='ltr'>agnos&#39;fij</span> <span class='ocrx_word' id='word_1_204' title='bbox 1090 1888 1183 1926; x_wconf 89' lang='lat' dir='ltr'>etin</span> <span class='ocrx_word' id='word_1_205' title='bbox 1196 1900 1328 1925; x_wconf 87' lang='lat' dir='ltr'>manso</span> <span class='ocrx_word' id='word_1_206' title='bbox 1341 1892 1590 1938; x_wconf 84' lang='lat' dir='ltr'>competente.</span> 
     </span>
     <span class='ocr_line' id='line_1_26' title="bbox 131 1942 1594 1992; baseline 0 -11"><span class='ocrx_word' id='word_1_207' title='bbox 131 1942 240 1981; x_wconf 87' lang='lat' dir='ltr'>Dicti</span> <span class='ocrx_word' id='word_1_208' title='bbox 258 1946 387 1981; x_wconf 91' lang='lat' dir='ltr'>autem</span> <span class='ocrx_word' id='word_1_209' title='bbox 406 1943 509 1992; x_wconf 88' lang='lat' dir='ltr'>prior</span> <span class='ocrx_word' id='word_1_210' title='bbox 527 1945 566 1981; x_wconf 92' lang='lat' dir='ltr'>et</span> <span class='ocrx_word' id='word_1_211' title='bbox 585 1945 797 1981; x_wconf 87' lang='lat' dir='ltr'>conventus</span> <span class='ocrx_word' id='word_1_212' title='bbox 826 1943 955 1980; x_wconf 89' lang='lat' dir='ltr'>omnia</span> <span class='ocrx_word' id='word_1_213' title='bbox 973 1954 1087 1980; x_wconf 85' lang='lat' dir='ltr'>onera</span> <span class='ocrx_word' id='word_1_214' title='bbox 1104 1942 1210 1979; x_wconf 90' lang='lat' dir='ltr'>illius</span> <span class='ocrx_word' id='word_1_215' title='bbox 1230 1942 1384 1979; x_wconf 90' lang='lat' dir='ltr'>ecclesie</span> <span class='ocrx_word' id='word_1_216' title='bbox 1404 1942 1535 1981; x_wconf 88' lang='lat' dir='ltr'>debita</span> <span class='ocrx_word' id='word_1_217' title='bbox 1556 1946 1594 1981; x_wconf 90' lang='lat' dir='ltr'>et</span> 
     </span>
     <span class='ocr_line' id='line_1_27' title="bbox 133 1995 1592 2036; baseline 0.001 -2"><span class='ocrx_word' id='word_1_218' title='bbox 133 2000 313 2035; x_wconf 89' lang='lat' dir='ltr'>consueta</span> <span class='ocrx_word' id='word_1_219' title='bbox 331 1996 579 2034; x_wconf 89' lang='lat' dir='ltr'>sustinebunt</span> <span class='ocrx_word' id='word_1_220' title='bbox 606 2000 645 2035; x_wconf 91' lang='lat' dir='ltr'>et</span> <span class='ocrx_word' id='word_1_221' title='bbox 672 1997 775 2035; x_wconf 87' lang='lat' dir='ltr'>valet</span> <span class='ocrx_word' id='word_1_222' title='bbox 802 1996 908 2034; x_wconf 87' lang='lat' dir='ltr'>total’</span> <span class='ocrx_word' id='word_1_223' title='bbox 929 1996 1085 2034; x_wconf 89' lang='lat' dir='ltr'>ecclesia</span> <span class='ocrx_word' id='word_1_224' title='bbox 1103 2009 1129 2034; x_wconf 89' lang='lat' dir='ltr'><strong>x</strong></span> <span class='ocrx_word' id='word_1_225' title='bbox 1149 1995 1261 2033; x_wconf 89' lang='lat' dir='ltr'>marc&#39;</span> <span class='ocrx_word' id='word_1_226' title='bbox 1287 1996 1429 2034; x_wconf 87' lang='lat' dir='ltr'>vicaria</span> <span class='ocrx_word' id='word_1_227' title='bbox 1448 2010 1536 2035; x_wconf 90' lang='lat' dir='ltr'>vero</span> <span class='ocrx_word' id='word_1_228' title='bbox 1555 2010 1592 2036; x_wconf 85' lang='lat' dir='ltr'>v.</span> 
     </span>
    </p>
   </div>
   <div class='ocr_carea' id='block_1_7' title="bbox 742 2065 991 2097">
    <p class='ocr_par' dir='ltr' id='par_1_7' title="bbox 742 2065 991 2097">
     <span class='ocr_line' id='line_1_28' title="bbox 742 2065 991 2097; baseline 0 -6"><span class='ocrx_word' id='word_1_229' title='bbox 742 2066 759 2084; x_wconf 78' lang='lat'><em>*</em></span> <span class='ocrx_word' id='word_1_230' title='bbox 776 2065 829 2097; x_wconf 86' lang='lat' dir='ltr'>Qu.</span> <span class='ocrx_word' id='word_1_231' title='bbox 839 2066 991 2092; x_wconf 83' lang='lat' dir='ltr'>cancelled.</span> 
     </span>
    </p>
   </div>
   <div class='ocr_carea' id='block_1_8' title="bbox 775 2152 954 2207">
    <p class='ocr_par' dir='ltr' id='par_1_8' title="bbox 775 2152 954 2207">
     <span class='ocr_line' id='line_1_29' title="bbox 775 2152 954 2207; baseline 0 -15"><span class='ocrx_word' id='word_1_232' title='bbox 775 2152 857 2207; x_wconf 72' lang='lat' dir='ltr'>[Fo.</span> <span class='ocrx_word' id='word_1_233' title='bbox 882 2153 954 2202; x_wconf 50' lang='lat'>712}</span> 
     </span>
    </p>
   </div>
   <div class='ocr_carea' id='block_1_9' title="bbox 133 2223 1595 2480">
    <p class='ocr_par' dir='ltr' id='par_1_9' title="bbox 133 2223 1595 2480">
     <span class='ocr_line' id='line_1_30' title="bbox 216 2223 1595 2275; baseline 0.001 -13"><span class='ocrx_word' id='word_1_234' title='bbox 216 2234 547 2268; x_wconf 69' lang='lat' dir='ltr'>KERmNGTON,</span> <span class='ocrx_word' id='word_1_235' title='bbox 585 2224 738 2263; x_wconf 85' lang='lat' dir='ltr'>Vicaria</span> <span class='ocrx_word' id='word_1_236' title='bbox 773 2225 816 2262; x_wconf 88' lang='lat' dir='ltr'>in</span> <span class='ocrx_word' id='word_1_237' title='bbox 853 2225 1010 2262; x_wconf 86' lang='lat' dir='ltr'>ecclesia</span> <span class='ocrx_word' id='word_1_238' title='bbox 1042 2224 1089 2261; x_wconf 91' lang='lat' dir='ltr'>de</span> <span class='ocrx_word' id='word_1_239' title='bbox 1126 2223 1394 2275; x_wconf 88' lang='lat' dir='ltr'>Kerdingeton</span> <span class='ocrx_word' id='word_1_240' title='bbox 1430 2238 1505 2275; x_wconf 87' lang='lat' dir='ltr'>que</span> <span class='ocrx_word' id='word_1_241' title='bbox 1538 2230 1595 2264; x_wconf 92' lang='lat' dir='ltr'>est</span> 
     </span>
     <span class='ocr_line' id='line_1_31' title="bbox 133 2278 1595 2330; baseline 0.002 -15"><span class='ocrx_word' id='word_1_242' title='bbox 133 2279 340 2316; x_wconf 89' lang='lat' dir='ltr'>eorundem</span> <span class='ocrx_word' id='word_1_243' title='bbox 358 2279 582 2316; x_wconf 85' lang='lat' dir='ltr'>auctoritate</span> <span class='ocrx_word' id='word_1_244' title='bbox 609 2279 762 2317; x_wconf 83' lang='lat' dir='ltr'>concilii</span> <span class='ocrx_word' id='word_1_245' title='bbox 789 2279 964 2316; x_wconf 88' lang='lat' dir='ltr'>ordinata</span> <span class='ocrx_word' id='word_1_246' title='bbox 991 2278 1166 2316; x_wconf 86' lang='lat' dir='ltr'>consistit</span> <span class='ocrx_word' id='word_1_247' title='bbox 1183 2278 1227 2315; x_wconf 89' lang='lat' dir='ltr'>in</span> <span class='ocrx_word' id='word_1_248' title='bbox 1255 2281 1338 2317; x_wconf 92' lang='lat' dir='ltr'>toto</span> <span class='ocrx_word' id='word_1_249' title='bbox 1357 2279 1536 2330; x_wconf 84' lang='lat' dir='ltr'>altaragio</span> <span class='ocrx_word' id='word_1_250' title='bbox 1557 2284 1595 2318; x_wconf 92' lang='lat' dir='ltr'>et</span> 
     </span>
     <span class='ocr_line' id='line_1_32' title="bbox 134 2332 1593 2382; baseline 0.002 -13"><span class='ocrx_word' id='word_1_251' title='bbox 134 2332 312 2370; x_wconf 90' lang='lat' dir='ltr'>omnibus</span> <span class='ocrx_word' id='word_1_252' title='bbox 330 2333 491 2370; x_wconf 88' lang='lat' dir='ltr'>minutis</span> <span class='ocrx_word' id='word_1_253' title='bbox 512 2333 670 2371; x_wconf 89' lang='lat' dir='ltr'>decimis</span> <span class='ocrx_word' id='word_1_254' title='bbox 689 2336 728 2371; x_wconf 89' lang='lat' dir='ltr'>et</span> <span class='ocrx_word' id='word_1_255' title='bbox 747 2333 896 2371; x_wconf 85' lang='lat' dir='ltr'>duabus</span> <span class='ocrx_word' id='word_1_256' title='bbox 911 2333 1005 2371; x_wconf 85' lang='lat' dir='ltr'>acris</span> <span class='ocrx_word' id='word_1_257' title='bbox 1019 2335 1116 2370; x_wconf 91' lang='lat' dir='ltr'>terre</span> <span class='ocrx_word' id='word_1_258' title='bbox 1131 2332 1174 2368; x_wconf 90' lang='lat' dir='ltr'>in</span> <span class='ocrx_word' id='word_1_259' title='bbox 1188 2333 1331 2382; x_wconf 86' lang='lat' dir='ltr'>campis</span> <span class='ocrx_word' id='word_1_260' title='bbox 1354 2346 1442 2371; x_wconf 91' lang='lat' dir='ltr'>cum</span> <span class='ocrx_word' id='word_1_261' title='bbox 1460 2347 1593 2372; x_wconf 88' lang='lat' dir='ltr'>manso</span> 
     </span>
     <span class='ocr_line' id='line_1_33' title="bbox 133 2385 1594 2436; baseline 0.002 -13"><span class='ocrx_word' id='word_1_262' title='bbox 133 2390 382 2436; x_wconf 87' lang='lat' dir='ltr'>competente.</span> <span class='ocrx_word' id='word_1_263' title='bbox 439 2387 548 2424; x_wconf 86' lang='lat' dir='ltr'>Dicti</span> <span class='ocrx_word' id='word_1_264' title='bbox 566 2400 656 2424; x_wconf 89' lang='lat' dir='ltr'>vero</span> <span class='ocrx_word' id='word_1_265' title='bbox 675 2387 778 2436; x_wconf 89' lang='lat' dir='ltr'>prior</span> <span class='ocrx_word' id='word_1_266' title='bbox 796 2390 834 2424; x_wconf 93' lang='lat' dir='ltr'>et</span> <span class='ocrx_word' id='word_1_267' title='bbox 854 2389 1066 2425; x_wconf 86' lang='lat' dir='ltr'>conventus</span> <span class='ocrx_word' id='word_1_268' title='bbox 1086 2385 1305 2424; x_wconf 89' lang='lat' dir='ltr'>omnimoda</span> <span class='ocrx_word' id='word_1_269' title='bbox 1319 2387 1424 2425; x_wconf 88' lang='lat' dir='ltr'>illius</span> <span class='ocrx_word' id='word_1_270' title='bbox 1438 2388 1594 2426; x_wconf 87' lang='lat' dir='ltr'>ecclesie</span> 
     </span>
     <span class='ocr_line' id='line_1_34' title="bbox 133 2439 1591 2480; baseline 0.001 -2"><span class='ocrx_word' id='word_1_271' title='bbox 133 2453 246 2478; x_wconf 88' lang='lat' dir='ltr'>onera</span> <span class='ocrx_word' id='word_1_272' title='bbox 264 2440 520 2479; x_wconf 85' lang='lat' dir='ltr'>sustinebunt.</span> <span class='ocrx_word' id='word_1_273' title='bbox 560 2440 613 2479; x_wconf 88' lang='lat' dir='ltr'>Et</span> <span class='ocrx_word' id='word_1_274' title='bbox 631 2442 734 2480; x_wconf 87' lang='lat' dir='ltr'>valet</span> <span class='ocrx_word' id='word_1_275' title='bbox 752 2441 890 2479; x_wconf 81' lang='lat' dir='ltr'>vicaria</span> <span class='ocrx_word' id='word_1_276' title='bbox 909 2454 934 2479; x_wconf 88' lang='lat' dir='ltr'>v</span> <span class='ocrx_word' id='word_1_277' title='bbox 952 2440 1078 2479; x_wconf 87' lang='lat' dir='ltr'>marc.’</span> <span class='ocrx_word' id='word_1_278' title='bbox 1097 2439 1242 2477; x_wconf 84' lang='lat' dir='ltr'>Totalis</span> <span class='ocrx_word' id='word_1_279' title='bbox 1257 2441 1413 2479; x_wconf 86' lang='lat' dir='ltr'>ecelesia</span> <span class='ocrx_word' id='word_1_280' title='bbox 1426 2455 1454 2479; x_wconf 84' lang='lat' dir='ltr'><strong>x</strong></span> <span class='ocrx_word' id='word_1_281' title='bbox 1469 2443 1591 2480; x_wconf 88' lang='lat' dir='ltr'>marc&#39;.</span> 
     </span>
    </p>
   </div>
   <div class='ocr_carea' id='block_1_10' title="bbox 130 2548 1594 2814">
    <p class='ocr_par' dir='ltr' id='par_1_10' title="bbox 130 2548 1594 2814">
     <span class='ocr_line' id='line_1_35' title="bbox 212 2548 1594 2597; baseline 0.002 -12"><span class='ocrx_word' id='word_1_282' title='bbox 212 2557 449 2592; x_wconf 62' lang='lat' dir='ltr'>wnAETQN.</span> <span class='ocrx_word' id='word_1_283' title='bbox 484 2548 637 2586; x_wconf 88' lang='lat' dir='ltr'>Vicaria</span> <span class='ocrx_word' id='word_1_284' title='bbox 663 2549 707 2586; x_wconf 90' lang='lat' dir='ltr'>in</span> <span class='ocrx_word' id='word_1_285' title='bbox 733 2548 890 2587; x_wconf 87' lang='lat' dir='ltr'>ecclesia</span> <span class='ocrx_word' id='word_1_286' title='bbox 918 2548 965 2586; x_wconf 89' lang='lat' dir='ltr'>de</span> <span class='ocrx_word' id='word_1_287' title='bbox 998 2548 1171 2586; x_wconf 90' lang='lat' dir='ltr'>Wileton</span> <span class='ocrx_word' id='word_1_288' title='bbox 1200 2560 1274 2597; x_wconf 92' lang='lat' dir='ltr'>que</span> <span class='ocrx_word' id='word_1_289' title='bbox 1301 2551 1359 2586; x_wconf 90' lang='lat' dir='ltr'>est</span> <span class='ocrx_word' id='word_1_290' title='bbox 1387 2550 1594 2588; x_wconf 88' lang='lat' dir='ltr'>eorundem</span> 
     </span>
     <span class='ocr_line' id='line_1_36' title="bbox 132 2602 1594 2652; baseline 0.002 -13"><span class='ocrx_word' id='word_1_291' title='bbox 132 2603 356 2640; x_wconf 88' lang='lat' dir='ltr'>auctoritate</span> <span class='ocrx_word' id='word_1_292' title='bbox 384 2603 535 2640; x_wconf 90' lang='lat' dir='ltr'>concilii</span> <span class='ocrx_word' id='word_1_293' title='bbox 562 2603 737 2641; x_wconf 87' lang='lat' dir='ltr'>ordinata</span> <span class='ocrx_word' id='word_1_294' title='bbox 765 2603 939 2641; x_wconf 87' lang='lat' dir='ltr'>consistit</span> <span class='ocrx_word' id='word_1_295' title='bbox 966 2603 1009 2640; x_wconf 88' lang='lat' dir='ltr'>in</span> <span class='ocrx_word' id='word_1_296' title='bbox 1036 2605 1118 2640; x_wconf 89' lang='lat' dir='ltr'>toto</span> <span class='ocrx_word' id='word_1_297' title='bbox 1146 2602 1326 2652; x_wconf 81' lang='lat' dir='ltr'>altaragio</span> <span class='ocrx_word' id='word_1_298' title='bbox 1354 2606 1392 2641; x_wconf 89' lang='lat' dir='ltr'>et</span> <span class='ocrx_word' id='word_1_299' title='bbox 1414 2604 1594 2642; x_wconf 85' lang='lat' dir='ltr'>omnibus</span> 
     </span>
     <span class='ocr_line' id='line_1_37' title="bbox 133 2656 1593 2707; baseline 0.002 -14"><span class='ocrx_word' id='word_1_300' title='bbox 133 2656 294 2693; x_wconf 89' lang='lat' dir='ltr'>minutis</span> <span class='ocrx_word' id='word_1_301' title='bbox 313 2656 470 2694; x_wconf 87' lang='lat' dir='ltr'>decimis</span> <span class='ocrx_word' id='word_1_302' title='bbox 489 2660 526 2694; x_wconf 91' lang='lat' dir='ltr'>et</span> <span class='ocrx_word' id='word_1_303' title='bbox 541 2656 583 2694; x_wconf 88' lang='lat' dir='ltr'>in</span> <span class='ocrx_word' id='word_1_304' title='bbox 598 2657 756 2695; x_wconf 87' lang='lat' dir='ltr'>decimis</span> <span class='ocrx_word' id='word_1_305' title='bbox 770 2657 1077 2695; x_wconf 88' lang='lat' dir='ltr'>molendinorum</span> <span class='ocrx_word' id='word_1_306' title='bbox 1097 2669 1182 2694; x_wconf 88' lang='lat' dir='ltr'>cum</span> <span class='ocrx_word' id='word_1_307' title='bbox 1202 2669 1335 2695; x_wconf 87' lang='lat' dir='ltr'>manso</span> <span class='ocrx_word' id='word_1_308' title='bbox 1354 2662 1593 2707; x_wconf 86' lang='lat' dir='ltr'>competente</span> 
     </span>
     <span class='ocr_line' id='line_1_38' title="bbox 130 2710 1594 2760; baseline 0.002 -13"><span class='ocrx_word' id='word_1_309' title='bbox 130 2710 190 2747; x_wconf 91' lang='grc'><strong>1111</strong></span> <span class='ocrx_word' id='word_1_310' title='bbox 203 2711 393 2760; x_wconf 86' lang='lat' dir='ltr'>assignato</span> <span class='ocrx_word' id='word_1_311' title='bbox 409 2723 496 2748; x_wconf 92' lang='lat' dir='ltr'>cum</span> <span class='ocrx_word' id='word_1_312' title='bbox 507 2710 637 2748; x_wconf 84' lang='lat' dir='ltr'>crofta.</span> <span class='ocrx_word' id='word_1_313' title='bbox 696 2711 805 2749; x_wconf 86' lang='lat' dir='ltr'>Prior</span> <span class='ocrx_word' id='word_1_314' title='bbox 819 2723 908 2749; x_wconf 91' lang='lat' dir='ltr'>vero</span> <span class='ocrx_word' id='word_1_315' title='bbox 923 2714 961 2748; x_wconf 92' lang='lat' dir='ltr'>et</span> <span class='ocrx_word' id='word_1_316' title='bbox 976 2714 1187 2749; x_wconf 86' lang='lat' dir='ltr'>conventus</span> <span class='ocrx_word' id='word_1_317' title='bbox 1203 2711 1422 2749; x_wconf 88' lang='lat' dir='ltr'>omnimoda</span> <span class='ocrx_word' id='word_1_318' title='bbox 1435 2712 1540 2750; x_wconf 89' lang='lat' dir='ltr'>illius</span> <span class='ocrx_word' id='word_1_319' title='bbox 1556 2715 1594 2750; x_wconf 88' lang='lat' dir='ltr'>et</span> 
     </span>
     <span class='ocr_line' id='line_1_39' title="bbox 130 2764 1591 2814; baseline 0.002 -12"><span class='ocrx_word' id='word_1_320' title='bbox 130 2777 244 2802; x_wconf 88' lang='lat' dir='ltr'>onera</span> <span class='ocrx_word' id='word_1_321' title='bbox 265 2768 310 2802; x_wconf 90' lang='lat' dir='ltr'>ut</span> <span class='ocrx_word' id='word_1_322' title='bbox 330 2777 453 2814; x_wconf 89' lang='lat' dir='ltr'>supra.</span> <span class='ocrx_word' id='word_1_323' title='bbox 511 2764 563 2802; x_wconf 89' lang='lat' dir='ltr'>Et</span> <span class='ocrx_word' id='word_1_324' title='bbox 583 2765 687 2803; x_wconf 87' lang='lat' dir='ltr'>valet</span> <span class='ocrx_word' id='word_1_325' title='bbox 707 2766 848 2804; x_wconf 85' lang='lat' dir='ltr'>vicaria</span> <span class='ocrx_word' id='word_1_326' title='bbox 867 2778 892 2803; x_wconf 90' lang='lat' dir='ltr'><strong>v</strong></span> <span class='ocrx_word' id='word_1_327' title='bbox 912 2765 1036 2803; x_wconf 68' lang='lat' dir='ltr'>marc&#39;</span> <span class='ocrx_word' id='word_1_328' title='bbox 1097 2766 1242 2805; x_wconf 87' lang='lat' dir='ltr'>Totalis</span> <span class='ocrx_word' id='word_1_329' title='bbox 1260 2765 1416 2804; x_wconf 84' lang='lat' dir='ltr'>ecclesia</span> <span class='ocrx_word' id='word_1_330' title='bbox 1434 2779 1461 2804; x_wconf 84' lang='lat' dir='ltr'><strong>x</strong></span> <span class='ocrx_word' id='word_1_331' title='bbox 1481 2779 1591 2805; x_wconf 86' lang='lat' dir='ltr'>marc.</span> 
     </span>
    </p>
   </div>
   <div class='ocr_carea' id='block_1_11' title="bbox 134 2872 1596 2978">
    <p class='ocr_par' dir='ltr' id='par_1_11' title="bbox 134 2872 1596 2978">
     <span class='ocr_line' id='line_1_40' title="bbox 213 2872 1596 2925; baseline 0 -13"><span class='ocrx_word' id='word_1_332' title='bbox 213 2882 495 2916; x_wconf 65' lang='lat' dir='ltr'>GOKKEPOL,</span> <span class='ocrx_word' id='word_1_333' title='bbox 534 2872 686 2911; x_wconf 87' lang='lat' dir='ltr'>Vicaria</span> <span class='ocrx_word' id='word_1_334' title='bbox 703 2873 746 2911; x_wconf 90' lang='lat' dir='ltr'>in</span> <span class='ocrx_word' id='word_1_335' title='bbox 765 2873 921 2911; x_wconf 86' lang='lat' dir='ltr'>ecclesia</span> <span class='ocrx_word' id='word_1_336' title='bbox 939 2873 987 2911; x_wconf 91' lang='lat' dir='ltr'>de</span> <span class='ocrx_word' id='word_1_337' title='bbox 1006 2873 1199 2924; x_wconf 88' lang='lat' dir='ltr'>Cockepol</span> <span class='ocrx_word' id='word_1_338' title='bbox 1213 2887 1288 2925; x_wconf 88' lang='lat' dir='ltr'>que</span> <span class='ocrx_word' id='word_1_339' title='bbox 1301 2877 1358 2912; x_wconf 82' lang='lat' dir='ltr'>est</span> <span class='ocrx_word' id='word_1_340' title='bbox 1372 2874 1596 2912; x_wconf 88' lang='lat' dir='ltr'>monialium</span> 
     </span>
     <span class='ocr_line' id='line_1_41' title="bbox 134 2925 1594 2978; baseline 0.002 -15"><span class='ocrx_word' id='word_1_341' title='bbox 134 2925 180 2963; x_wconf 86' lang='lat' dir='ltr'>de</span> <span class='ocrx_word' id='word_1_342' title='bbox 201 2926 446 2964; x_wconf 84' lang='lat' dir='ltr'>Chekessand</span> <span class='ocrx_word' id='word_1_343' title='bbox 465 2927 689 2966; x_wconf 87' lang='lat' dir='ltr'>auctoritate</span> <span class='ocrx_word' id='word_1_344' title='bbox 709 2927 861 2966; x_wconf 88' lang='lat' dir='ltr'>concilii</span> <span class='ocrx_word' id='word_1_345' title='bbox 877 2928 1051 2966; x_wconf 82' lang='lat' dir='ltr'>ordinata</span> <span class='ocrx_word' id='word_1_346' title='bbox 1067 2929 1243 2968; x_wconf 83' lang='lat' dir='ltr'>consistit</span> <span class='ocrx_word' id='word_1_347' title='bbox 1257 2929 1298 2967; x_wconf 91' lang='lat' dir='ltr'>in</span> <span class='ocrx_word' id='word_1_348' title='bbox 1313 2931 1394 2967; x_wconf 92' lang='lat' dir='ltr'>toto</span> <span class='ocrx_word' id='word_1_349' title='bbox 1414 2928 1594 2978; x_wconf 87' lang='lat' dir='ltr'>altaragio</span> 
     </span>
    </p>
   </div>
  </div>
 </body>
</html>
