1844 3178
652 334 857 368 nneoms
887 334 1052 368 WELLS.
1538 326 1590 367 13

219 440 394 476 WlLOES.
430 433 583 472 Vicaria
618 433 661 471 in
705 433 861 471 ecclesia
905 432 954 471 de
992 432 1132 471 Wilies
1178 445 1252 482 que
1288 436 1345 470 est
1382 433 1517 481 prioris
1554 440 1592 474 et

139 490 351 527 conventus
370 487 417 525 de
436 487 613 538 Neuport
643 487 866 526 auctoritate
895 487 1046 525 concilii
1065 487 1238 525 ordinata
1257 485 1432 525 consistit
1451 488 1493 526 in
1510 491 1593 535 toto

137 542 317 592 altaragio
330 554 418 579 cum
437 545 537 579 terra
564 541 717 580 ecclesie
745 544 784 579 et
810 541 911 579 tofto
939 541 988 578 ad
1015 541 1138 590 ipsam
1166 540 1360 578 ecclesiam
1379 543 1595 590 pertinente

134 598 172 634 et
190 596 233 633 in
251 595 454 634 medietate
475 596 619 634 decime
634 595 833 646 garbarum
853 594 900 632 de
918 595 1002 644 ipsa
1017 594 1197 645 parochia
1215 594 1536 644 proveniencium.

218 709 523 743 BRADEWELL.
559 702 714 741 Vicaria
732 702 774 740 in
788 701 944 740 ecclesia
959 701 1006 740 de
1021 701 1234 740 Bradewell
1246 714 1320 751 que
1336 705 1393 739 est
1405 702 1596 742 dictorum

134 756 270 806 prioris
307 759 345 794 et
382 759 593 795 conventus
629 757 677 794 de
725 756 766 794 N
768 756 931 805 euporth
968 757 1192 793 auctoritate
1228 756 1382 793 concilii
1421 757 1596 795 ordinata

134 809 310 848 consistit
327 810 369 847 in
387 813 469 848 toto
488 810 667 860 altaragio
687 823 773 848 cum
792 809 954 848 dimidia
971 809 1119 859 virgata
1137 813 1234 848 terre
1257 812 1294 847 et
1313 811 1525 860 messuagio
1546 812 1596 849 ad

134 864 330 902 ecclesiam
347 864 631 914 pertinentibus
659 867 697 902 et
723 864 766 902 in
793 864 910 902 tercia
934 866 1042 913 parte
1069 863 1215 902 decime
1237 863 1436 914 garbarum
1455 865 1498 902 in
1511 865 1595 915 ipsa

133 917 312 968 parochia
330 918 652 968 proveniencium.

213 1031 462 1066 STANTON.
497 1025 651 1063 Vicaria
677 1024 720 1062 in
747 1024 903 1063 ecclesia
928 1024 976 1061 de
996 1023 1163 1062 Stanton
1190 1036 1264 1074 que
1293 1027 1351 1062 est
1369 1026 1596 1064 monialium

134 1079 183 1117 de
215 1078 399 1128 Garinges
431 1091 498 1128 per
529 1078 730 1117 dominum
762 1079 980 1128 episcopum
1021 1077 1196 1116 ordinata
1232 1079 1407 1117 consistit
1438 1080 1481 1117 in
1514 1082 1596 1117 toto

135 1133 315 1182 altaragio
348 1133 520 1182 ejusdem
556 1133 710 1170 ecclesie
747 1145 834 1170 cum
871 1144 1003 1169 manso
1043 1135 1283 1181 competente
1311 1135 1350 1170 et
1376 1133 1419 1170 in
1447 1134 1597 1171 duabus

136 1187 294 1236 virgatis
313 1189 411 1224 terre
430 1189 468 1224 et
487 1199 616 1224 earum
630 1186 876 1236 pertinenciis
895 1198 969 1235 que
988 1186 1186 1235 pertinent
1201 1186 1250 1223 ad
1264 1187 1387 1235 ipsam
1402 1187 1597 1225 ecclesiam

136 1243 174 1278 et
193 1241 234 1277 in
263 1240 420 1278 decimis
456 1240 618 1278 duarum
655 1241 888 1290 virgatarum
925 1242 1023 1277 terre
1059 1252 1154 1289 quas
1187 1239 1215 1277 J
1216 1240 1369 1278 erardus
1404 1241 1531 1278 tenuit
1559 1245 1598 1279 et

135 1294 294 1332 aliarum
335 1294 497 1332 duarum
542 1295 774 1343 virgatarum
819 1296 917 1331 terre
963 1305 1057 1342 quas
1096 1293 1284 1343 Sampson
1322 1297 1361 1332 et
1400 1295 1598 1333 Ritherius

134 1351 352 1386 tenuerunt.
401 1348 578 1386 Vicarius
598 1350 726 1385 autem
746 1347 869 1385 solvet
888 1347 1076 1385 sinodalia
1104 1350 1142 1385 et
1169 1347 1356 1386 moniales
1376 1349 1504 1386 omnia
1523 1349 1598 1387 alia

135 1414 249 1440 onera
267 1402 372 1440 illius
391 1402 546 1440 ecclesie
565 1402 756 1439 ordinaria
774 1401 1032 1439 sustinebunt.

219 1515 461 1550 NEUPORT.
497 1509 652 1547 Vicaria
678 1509 721 1546 in
749 1508 904 1546 ecclesia
931 1508 979 1546 de
1009 1508 1186 1558 Neuport
1217 1521 1291 1558 que
1321 1511 1377 1546 est
1405 1509 1542 1559 prioris
1561 1514 1599 1548 et

135 1562 407 1601 monachorum
427 1563 597 1612 ejusdem
613 1562 704 1601 ville
718 1575 765 1600 ex
784 1563 931 1600 dudum
946 1562 1121 1600 ordinata
1134 1563 1310 1600 consistit
1323 1563 1365 1600 in
1381 1564 1599 1612 provisione

135 1618 387 1667 competentis
406 1617 567 1666 hospitii
598 1617 647 1654 ad
679 1629 775 1666 opus
806 1617 940 1655 vicarii
969 1620 1007 1654 et
1039 1616 1192 1654 diaconi
1222 1616 1353 1654 idonei
1371 1630 1486 1666 quem
1505 1618 1601 1656 dicti

137 1671 316 1709 monachi
334 1670 458 1709 eidem
476 1671 618 1709 vicario
637 1670 680 1708 in
697 1671 781 1720 ipsa
796 1670 951 1708 ecclesia
965 1670 1273 1708 ministraturum
1288 1671 1488 1709 invenient
1504 1672 1600 1710 etin

137 1725 355 1775 provisione
373 1725 506 1763 vicarii
524 1725 573 1762 ad
602 1737 772 1762 mensam
804 1725 939 1774 prioris
974 1727 1012 1762 et
1042 1727 1255 1763 conventus
1285 1725 1384 1762 sicut
1417 1726 1532 1763 unius
1552 1739 1600 1763 ex

137 1779 231 1829 ipsis
277 1781 315 1816 et
359 1779 402 1816 in
447 1779 690 1829 perceptione
734 1778 877 1828 viginti
922 1778 1132 1816 solidorum
1177 1778 1323 1816 scilicet
1368 1792 1396 1816 x
1442 1780 1508 1817 sol'
1551 1780 1601 1817 ad

137 1833 490 1871 Annunciacionem
512 1833 630 1871 Beate
648 1832 772 1870 Marie
791 1835 829 1870 et
847 1845 875 1870 x
894 1832 960 1870 sol'
989 1833 1038 1871 ad
1065 1832 1210 1870 festum
1239 1832 1371 1871 Sancti
1399 1833 1601 1871 Michaelis

137 1888 186 1925 ab
204 1888 299 1937 ipsis
319 1887 518 1925 annuatim
536 1887 677 1925 vicario
697 1886 977 1924 solvendorum.
1035 1886 1099 1924 Ita
1118 1886 1222 1936 quod
1241 1887 1284 1924 in
1303 1887 1475 1936 qualibet
1486 1888 1601 1926 misse

137 1941 388 1979 celebratione
419 1940 559 1978 habeat
591 1941 789 1978 denarium
824 1941 858 1978 si
889 1941 1107 1990 provenerit
1138 1941 1202 1978 vel
1237 1941 1367 1978 minus
1404 1941 1437 1978 si
1473 1942 1601 1980 minus

138 1995 308 2033 evenerit
345 1998 382 2032 et
423 1997 545 2032 totam
591 1994 825 2032 oblationem
870 1995 913 2031 in
959 1994 1261 2032 confessionibus
1306 1994 1526 2033 venientem
1563 1999 1602 2033 et

138 2049 338 2087 tricenaria
352 2061 440 2086 cum
452 2048 649 2087 evenerint
665 2051 702 2086 et
717 2048 901 2098 quicquid
916 2048 952 2085 ei
965 2048 1133 2098 legatum
1148 2048 1264 2086 fuerit
1279 2051 1365 2098 post
1390 2049 1602 2098 principale

141 2105 413 2140 testamentum
425 2103 578 2141 ecclesie
589 2102 783 2152 percipiat.
833 2102 896 2139 Ita
906 2104 1036 2140 tamen
1048 2102 1152 2152 quod
1164 2105 1436 2140 testamentum
1448 2104 1602 2141 ecclesie

139 2156 342 2206 prevaleat.

782 2210 864 2258 [Εο.
887 2208 961 2262 4b.]

220 2286 406 2324 STOWA.
442 2280 597 2318 Vicaria
633 2280 676 2317 in
721 2279 877 2318 ecclesia
913 2280 961 2318 de
1007 2279 1137 2319 Stowa
1173 2293 1247 2330 que
1283 2283 1341 2318 est
1377 2280 1528 2319 abbatis
1565 2285 1603 2320 et

140 2334 365 2373 Conventus
384 2334 431 2371 de
451 2334 542 2372 Osn’
563 2334 788 2372 auctoritate
807 2334 960 2372 concilii
979 2334 1155 2372 ordinata
1178 2334 1352 2372 consistit
1380 2347 1448 2384 per
1475 2336 1603 2374 omnia

139 2391 184 2426 ut
229 2400 343 2437 supra
387 2388 712 2426 Archidiaconatu
768 2387 893 2426 Oxon'
939 2389 981 2426 in
1031 2388 1220 2439 principio
1274 2389 1317 2426 in
1364 2389 1603 2428 ordinatione

139 2441 347 2491 yeneraliffi

727 2495 743 2512 ³*
755 2494 790 2519 In
807 2501 825 2520 a
841 2494 915 2519 later
931 2493 1017 2520 hand.

223 2588 505 2622 KAU'SFELD.
542 2581 697 2620 Vicaria
714 2582 757 2619 in
776 2582 932 2620 ecclesia
950 2582 998 2619 de
1014 2581 1246 2620 Kauersfeld
1266 2595 1340 2632 que
1368 2587 1425 2621 est
1453 2583 1603 2622 abbatis

141 2639 179 2674 et
199 2635 423 2674 Conventus
443 2635 489 2672 de
506 2635 737 2674 Messenden
758 2637 981 2674 auctoritate
1001 2636 1153 2674 concilii
1171 2636 1345 2675 ordinata
1368 2637 1543 2675 consistit
1561 2638 1603 2675 in

140 2693 222 2727 toto
242 2689 422 2737 altaragio
438 2692 474 2726 et
493 2690 536 2726 in
551 2690 729 2728 omnibus
744 2690 905 2728 minutis
920 2690 1077 2727 decimis
1093 2696 1131 2727 et
1150 2690 1193 2727 in
1207 2691 1411 2729 medietate
1431 2692 1603 2729 omnium

141 2743 373 2782 decimarum
391 2742 439 2780 de
467 2756 535 2781 sex
566 2744 723 2793 virgatis
757 2747 853 2782 terre
885 2745 928 2781 in
956 2744 1050 2781 villa
1077 2744 1124 2781 de
1153 2744 1327 2782 Stretton
1351 2748 1389 2783 et
1408 2746 1450 2782 in
1469 2758 1602 2783 manso

140 2799 380 2847 competente
399 2809 485 2834 cum
505 2797 653 2835 duabus
672 2798 767 2835 acris
786 2801 883 2835 terre
902 2810 980 2835 una
998 2797 1142 2836 scilicet
1161 2798 1204 2835 in
1222 2811 1300 2836 uno
1321 2812 1453 2849 campo
1472 2803 1511 2837 et
1529 2799 1604 2837 alia

140 2851 182 2888 in
202 2852 276 2888 alio
296 2853 334 2888 et
356 2850 479 2889 solvet
506 2851 670 2889 vicarius
698 2852 886 2890 sinodalia
911 2855 1064 2889 tantum
1083 2853 1256 2890 canonici
1278 2865 1368 2891 vero
1388 2853 1602 2903 hospicium

141 2904 413 2943 Archidiaconi
431 2905 698 2955 procurabunt.
