1844 3178
206 338 260 382 28
735 353 872 388 LIBER
901 354 1136 397 ANTIQUUS

283 461 520 495 ΡΕΒΠΟΝ,
558 451 712 489 Vicaria
739 452 782 489 in
809 454 966 491 ecclesia
993 454 1040 492 de
1069 455 1230 493 Pertton
1257 468 1332 506 que
1364 460 1423 495 est
1457 458 1593 507 prioris
1626 462 1664 496 et

202 509 416 544 conventus
444 505 640 543 Hertford'
661 505 858 544 exdudum
887 508 1062 546 ordinata
1089 510 1264 547 consistit
1282 510 1324 547 in
1343 523 1421 548 uno
1440 511 1595 550 denario
1614 512 1664 550 ad

201 559 414 609 quamlibet
442 559 596 596 missam
617 558 665 596 ad
692 571 810 608 quam
836 562 1015 609 provenit
1043 562 1190 601 oblacio
1219 564 1367 602 denarii
1394 565 1442 602 ad
1470 566 1597 603 minus
1620 566 1663 603 in

199 613 294 651 villa
327 613 374 650 de
405 613 567 651 Pertton
599 616 638 649 et
673 612 716 649 in
749 613 973 653 racionabili
1006 615 1130 665 legato
1165 617 1332 655 secundo
1368 621 1457 667 post
1493 619 1663 669 legatum

200 667 365 705 ecclesie.
424 667 525 704 Item
544 666 587 703 in
606 666 786 704 omnibus
804 668 966 706 minutis
987 669 1143 708 decimis
1163 671 1426 709 oblacionibus
1455 676 1493 710 et
1521 673 1663 711 obven-

199 721 376 758 cionibus
390 720 520 758 altaris
535 720 677 769 capelle
690 720 738 757 de
752 720 970 760 Ikelesford
986 727 1023 760 et
1038 724 1079 760 in
1096 724 1276 762 omnibus
1291 725 1449 763 decimis
1460 726 1661 775 garbarum

198 775 343 812 ibidem
363 777 488 823 preter
506 786 622 822 quam
643 773 691 811 de
710 774 903 812 dominico
924 776 1080 814 Radulfi
1099 777 1146 815 de
1165 777 1323 827 Riparia
1341 781 1380 816 et
1399 779 1447 817 de
1467 780 1660 818 dominico

198 828 406 866 Willielmi
423 826 476 865 fil’
495 827 660 865 Radulfi.
715 827 817 865 Item
835 829 878 866 in
897 830 1077 868 omnibus
1097 832 1259 869 minutis
1278 832 1436 870 decimis
1455 833 1660 871 oblacioni-

197 882 270 920 bus
304 885 344 920 et
375 881 677 920 obvencionibus
707 881 837 920 altaris
871 884 1013 933 capelle
1046 884 1096 922 de
1128 885 1309 924 Ranewic
1341 889 1380 924 et
1411 887 1454 923 in
1482 887 1660 925 omnibus

197 936 356 973 decimis
392 935 593 985 garbarum
629 935 775 973 ibidem
811 939 937 985 preter
975 950 1091 987 quam
1128 939 1176 977 de
1213 939 1405 977 dominico
1440 941 1660 979 Wischardi

197 989 347 1039 Leydet
367 993 405 1028 et
430 989 478 1027 de
505 1002 584 1027 una
610 989 760 1038 virgata
781 992 879 1028 terre
907 992 1177 1030 canonicorum
1205 993 1253 1030 de
1281 993 1446 1031 Lanton’
1464 994 1568 1032 unde
1587 1007 1658 1033 nec

197 1044 363 1081 decimas
391 1043 592 1093 garbarum
624 1056 694 1080 nec
726 1043 897 1082 minutas
931 1045 1096 1084 decimas
1124 1047 1309 1096 percipiet
1335 1048 1511 1086 vicarius.
1571 1048 1658 1087 Sus-

195 1097 339 1135 tinebit
366 1101 494 1135 autem
523 1097 690 1136 vicarius
719 1097 848 1136 omnia
880 1110 994 1136 onera
1022 1103 1102 1137 tam
1135 1101 1365 1151 episcopalia
1394 1114 1510 1151 quam
1539 1103 1659 1140 archi-

196 1151 408 1190 diaconalia
444 1154 523 1188 tam
560 1163 628 1200 pro
665 1151 822 1189 ecclesia
868 1151 916 1190 de
952 1153 1113 1191 Pertton
1150 1167 1266 1204 quam
1302 1168 1371 1205 pro
1408 1155 1564 1205 capellis
1609 1156 1658 1194 de

195 1205 413 1243 Ikelesford
449 1207 487 1242 et
524 1204 572 1242 de
599 1205 781 1243 Ranewic
817 1209 943 1255 preter
978 1219 1094 1256 quam
1130 1207 1347 1258 hospicium
1383 1209 1657 1248 Archidiaconi

194 1259 299 1309 quod
317 1259 526 1309 supradicti
544 1259 648 1309 prior
666 1268 705 1297 et
723 1263 937 1298 conventus
956 1262 1213 1302 sustinebunt.

274 1374 496 1409 WESTON.
533 1366 688 1405 Vicaria
704 1367 748 1404 in
767 1366 924 1406 ecclesia
938 1367 986 1406 de
1001 1368 1165 1407 Weston
1184 1383 1259 1420 que
1277 1373 1335 1408 est
1353 1370 1656 1421 Templariorum

194 1422 392 1461 exdudum
438 1421 614 1459 ordinata
658 1420 836 1459 consistit
880 1422 921 1459 in
969 1424 1147 1462 omnibus
1198 1424 1360 1462 minutis
1408 1425 1565 1463 decimis
1617 1428 1656 1464 et

193 1475 497 1514 obvencionibus
516 1475 563 1513 de
582 1475 662 1512 sola
682 1475 847 1513 Weston
873 1488 960 1514 cum
989 1489 1121 1516 manso
1149 1481 1404 1529 competente.
1458 1479 1510 1517 Et
1529 1479 1653 1518 solvet

192 1530 358 1570 vicarius
375 1532 529 1567 tantum
548 1529 758 1579 synodalia.

272 1643 602 1678 WYMUNDELE.
640 1636 795 1675 Vicaria
811 1637 854 1675 in
873 1637 1030 1677 ecclesia
1048 1638 1096 1677 de
1113 1652 1231 1689 parva
1244 1639 1485 1679 Wimundel'
1503 1653 1577 1690 que
1596 1644 1655 1679 est

191 1692 327 1742 prioris
354 1690 557 1740 hospitalis
585 1690 729 1728 ibidem
760 1693 985 1730 auctoritate
1016 1694 1169 1731 concilii
1199 1694 1374 1732 ordinata
1407 1695 1583 1732 consistit
1610 1696 1654 1733 in

191 1750 273 1784 toto
293 1746 474 1795 altaragio
494 1745 664 1794 exceptis
683 1745 841 1783 decimis
872 1750 909 1784 et
938 1747 1241 1785 obvencionibus
1270 1748 1431 1786 fratrum
1449 1748 1653 1798 hospitalis

191 1800 353 1850 predicti
376 1799 480 1849 quod
508 1800 626 1836 situm
654 1802 711 1837 est
729 1800 772 1837 in
790 1802 923 1839 eadem
941 1801 1121 1850 parochia
1140 1804 1177 1839 et
1200 1802 1370 1852 exceptis
1389 1802 1653 1841 oblacionibus

190 1855 311 1892 totius
330 1854 476 1894 familie
495 1853 703 1891 eorundem
722 1857 759 1891 et
779 1853 926 1894 decima
946 1855 993 1893 de
1012 1855 1126 1894 vinea
1145 1855 1295 1893 domini
1321 1859 1359 1894 et
1388 1856 1653 1895 oblacionibus

191 1908 340 1946 domini
358 1911 396 1948 et
413 1907 532 1945 libere
550 1907 695 1945 familie
714 1920 782 1945 sue
800 1910 834 1947 si
856 1909 1011 1960 quando
1038 1909 1082 1947 in
1109 1909 1184 1947 alio
1212 1910 1294 1947 loco
1323 1910 1540 1948 oblaciones
1563 1923 1652 1948 suas

190 1963 311 2001 facere
330 1962 506 2002 voluerit.
565 1962 751 2012 Magister
775 1974 865 2002 vero
893 1963 1095 2013 hospitalis
1122 1963 1369 2014 respondebit
1397 1964 1445 2002 de
1473 1963 1652 2003 omnibus

190 2016 333 2056 debitis
352 2021 390 2056 et
409 2017 610 2055 consuetis.

272 2132 470 2167 ΗΙΟΟΗΕ.
507 2124 661 2162 Vicaria
687 2124 730 2162 in
757 2125 914 2164 ecclesia
941 2125 988 2163 de
1017 2124 1178 2174 Hyeche
1206 2138 1281 2175 que
1300 2128 1358 2162 est
1377 2125 1584 2164 Abbatisse
1613 2129 1651 2164 et

189 2182 403 2217 conventus
431 2179 478 2217 de
499 2180 730 2217 Aunestowe
763 2180 988 2218 auctoritate
1022 2179 1175 2217 concilii
1208 2179 1383 2217 ordinata
1413 2180 1589 2218 consistit
1607 2180 1651 2218 in

188 2236 270 2271 toto
289 2233 469 2283 altaragio
487 2233 609 2282 ipsius
628 2233 783 2271 ecclesie
802 2237 840 2271 et
859 2247 937 2272 una
955 2246 1039 2272 acra
1057 2233 1100 2270 in
1119 2245 1197 2271 uno
1217 2246 1349 2283 campo
1365 2236 1403 2271 et
1425 2234 1500 2272 alia
1517 2234 1559 2271 in
1574 2234 1650 2272 alio

188 2289 228 2324 et
245 2287 288 2325 in
305 2299 438 2325 manso
473 2290 712 2336 competente
745 2291 784 2326 et
815 2288 949 2326 reddet
978 2287 1142 2326 vicarius
1176 2287 1288 2325 dictis
1317 2288 1548 2326 monialibus
1577 2288 1646 2337 xiij

187 2353 331 2379 marcas
359 2353 505 2379 annuas
533 2340 582 2378 de
609 2341 751 2391 quibus
782 2342 865 2392 ipse
896 2341 1080 2379 moniales
1112 2341 1264 2380 solvent
1296 2341 1480 2380 fratribus
1512 2342 1650 2392 templi

187 2407 307 2433 unam
342 2407 508 2433 marcam
543 2407 711 2433 annuam
752 2398 791 2434 et
825 2395 1073 2445 respondebit
1108 2395 1272 2434 vicarius
1304 2395 1353 2433 de
1385 2395 1647 2445 synodalibus.

187 2448 378 2487 Moniales
411 2462 501 2487 vero
529 2448 747 2499 hospicium
773 2449 1047 2488 Archidiaconi
1065 2449 1334 2499 procurabunt.
1396 2450 1498 2489 Sunt
1519 2453 1648 2488 autem

186 2502 243 2541 ibi
261 2503 339 2542 duo
361 2503 549 2554 capellani
575 2504 787 2542 necessarii.

268 2617 446 2652 MAGNA
468 2617 780 2652 ννΙΜυΝῠΕΙ-Ε.
817 2611 971 2650 Vicaria
983 2611 1027 2649 in
1038 2611 1194 2649 ecclesia
1208 2610 1256 2649 de
1270 2611 1647 2663 magnaWimundel'

186 2678 261 2715 que
293 2668 350 2703 est
382 2665 589 2703 earundem
621 2666 847 2704 auctoritate
880 2666 1034 2704 concilii
1066 2665 1242 2703 ordinata
1274 2666 1450 2704 consistit
1485 2666 1526 2703 in
1564 2669 1647 2703 toto

185 2719 367 2768 altaragio
396 2732 484 2757 cum
510 2731 643 2757 manso
672 2723 913 2769 competente
940 2722 978 2758 et
1005 2719 1047 2757 in
1071 2732 1148 2757 una
1167 2732 1252 2757 acra
1278 2719 1321 2757 in
1340 2732 1417 2757 uno
1446 2732 1579 2769 campo
1608 2722 1648 2757 et

186 2773 260 2811 alia
278 2773 321 2811 in
339 2773 413 2811 alio
434 2776 471 2811 et
492 2772 617 2811 solvet
639 2773 804 2812 vicarius
837 2773 952 2812 dictis
984 2773 1216 2811 monialibus
1245 2773 1448 2811 dimidiam
1482 2786 1647 2811 marcam

185 2827 387 2865 annuatim
405 2830 444 2865 et
462 2826 709 2877 respondebit
737 2827 785 2866 de
812 2827 1074 2867 sinodalibus:
1103 2827 1288 2866 moniales
1314 2840 1404 2867 vero
1431 2827 1647 2877 hospicium

186 2881 459 2920 Archidiaconi
477 2881 747 2931 procurabunt.
