1844 3178
192 361 218 399 4⁴
707 367 843 400 LIBER
873 368 1108 408 ANTIQUUS

275 474 547 509 BUREFORD.
584 465 737 504 vicaria
754 465 798 504 in
817 466 973 505 ecclesia
991 467 1039 505 de
1059 465 1248 505 Bureford
1267 478 1341 516 que
1360 468 1418 504 est
1433 465 1598 504 Abbatis
1618 469 1656 505 et

191 525 404 562 conventus
424 521 471 559 de
490 519 741 570 Keynesham
758 520 852 569 ipsis
871 534 938 570 per
958 521 1158 559 dominum
1174 520 1378 569 Hugonem
1400 520 1447 558 de
1470 532 1658 558 consensu

192 577 352 628 capituli
380 576 440 613 sui
467 575 575 612 Linc’
605 574 826 612 confirmata
854 572 984 626 [eumz
1010 573 1158 626 erased]
1192 573 1336 623 capella
1364 574 1411 611 de
1438 574 1658 612 Fulebroch

193 631 368 670 consistit
385 630 429 667 in
447 632 529 666 tota
547 632 646 666 terra
665 628 819 665 ecclesie
838 631 877 666 et
905 629 1047 678 capelle
1074 628 1244 678 predicte
1274 640 1361 665 cum
1379 628 1590 677 messuagio
1609 627 1658 666 ad

192 685 374 725 vicariam
393 683 609 733 pertinente
629 685 665 719 et
688 682 732 719 in
760 682 937 720 omnibus
965 683 1051 720 aliis
1078 685 1158 720 tam
1178 682 1226 719 ad
1246 681 1442 719 matricem
1461 682 1656 720 ecclesiam

194 753 309 789 quam
329 738 378 776 ad
397 737 539 775 dictam
567 735 752 785 capellam
780 737 1064 785 pertinentibus
1093 736 1263 786 exceptis
1291 736 1469 773 omnibus
1497 736 1655 773 decimis

194 798 233 832 et
251 792 316 831 sol’
336 791 538 841 garbarum
565 802 653 828 cum
680 789 835 839 capitali
862 803 994 829 manso
1021 790 1190 828 matricis
1218 789 1396 829 ecclesie:
1425 793 1463 827 et
1490 792 1581 828 sunt
1599 789 1657 828 ibi

193 846 395 886 necessarii
414 845 462 883 ad
481 845 610 882 minus
629 843 705 881 duo
726 843 923 894 capellani.

273 959 536 994 Ε5ΤΗΑΙ.Ι.Ε.
573 951 728 989 Vicaria
744 951 789 989 in
813 951 969 990 ecclesia
996 951 1043 989 de
1063 951 1216 989 Esthall
1242 963 1317 1001 que
1344 953 1402 988 est
1431 950 1598 989 Abbatis
1617 954 1655 989 et

191 1009 404 1047 conventus
433 1006 480 1044 de
499 1005 627 1043 Ibreio
655 1005 804 1044 dudum
836 1006 1010 1044 ordinata
1037 1005 1213 1043 consistit
1239 1006 1283 1043 in
1310 1005 1489 1043 omnibus
1515 1005 1657 1043 obven-

191 1062 367 1101 cionibus
385 1059 516 1098 altaris
544 1072 631 1097 cum
659 1072 790 1098 manso
818 1060 887 1109 qui
913 1060 990 1098 fuit
1018 1059 1226 1097 eorundem
1252 1059 1528 1097 monachorum
1556 1058 1655 1096 etin

192 1115 371 1155 omnibus
399 1113 557 1151 decimis
588 1113 789 1162 garbarum
824 1114 871 1151 de
903 1113 1095 1151 dominico
1129 1113 1233 1163 quod
1255 1114 1358 1162 jacet
1386 1126 1434 1150 ex
1461 1112 1529 1150 illa
1547 1115 1655 1162 parte

193 1167 361 1219 aquilon'
381 1181 457 1217 qua
475 1167 549 1205 sita
568 1170 625 1205 est
645 1167 811 1214 ecclesia,
832 1167 1013 1205 videlicet
1033 1168 1075 1205 in
1105 1180 1238 1217 campo
1257 1166 1443 1214 orientali,
1465 1166 1512 1204 de
1531 1167 1655 1205 tribus

192 1224 297 1262 hidis
316 1226 354 1261 et
373 1222 442 1271 viij
473 1221 568 1259 acris
596 1224 635 1259 et
662 1221 824 1258 dimidia
851 1224 890 1259 et
917 1222 1031 1271 xxiiij
1061 1221 1157 1259 acris
1185 1234 1279 1270 quas
1307 1223 1470 1270 quatuor
1488 1220 1655 1258 Bubulci

190 1280 325 1316 tenent
344 1277 392 1314 de
411 1275 544 1314 eodem
564 1275 770 1323 dominico,
789 1278 828 1313 et
845 1275 889 1313 in
908 1288 1040 1325 campo
1069 1275 1297 1313 occidentali
1315 1274 1479 1313 vicarius
1497 1275 1654 1324 recipiet

191 1332 356 1370 decimas
378 1330 426 1368 de
445 1330 595 1367 duabus
613 1329 718 1366 hidis
737 1332 776 1367 et
795 1330 891 1379 xxvj
911 1329 1006 1367 acris
1025 1329 1073 1367 (18
1092 1329 1285 1367 (18111111188
1305 1331 1342 1366 et
1361 1328 1409 1366 de
1431 1328 1538 1377 xxiiij
1559 1328 1655 1366 acris

191 1399 286 1436 quas
313 1384 408 1422 dicti
435 1383 603 1421 Bubulci
629 1386 786 1422 tenent:
835 1386 874 1421 et
902 1383 1007 1422 valet
1033 1383 1174 1421 vicaria
1201 1396 1227 1421 v
1255 1381 1377 1420 marc’.
1436 1382 1654 1421 Sustinebit

190 1443 319 1478 autem
337 1438 502 1477 vicarius
522 1437 650 1475 omnia
669 1450 782 1475 onera
800 1437 922 1487 ipsius
950 1437 1105 1476 ecclesie
1124 1436 1255 1475 debita
1274 1439 1312 1475 et
1331 1439 1512 1474 consueta
1529 1439 1655 1486 preter

189 1493 406 1544 hospicium
424 1491 698 1530 Archidiaconi
716 1491 821 1541 quod
839 1491 934 1530 dicti
950 1491 1131 1534 monachi
1148 1490 1419 1541 procurabunt.

283 1606 540 1642 ΜΕΝΙΒΤΒΕ.
588 1598 742 1637 Vicaria
763 1599 807 1637 in
834 1599 990 1637 ecclesia
1017 1599 1065 1637 de
1083 1599 1271 1637 Menistre
1298 1611 1373 1648 que
1401 1601 1459 1636 est
1489 1598 1655 1636 Abbatis

190 1659 229 1694 et
257 1659 469 1693 conventus
502 1653 550 1691 (18
578 1652 705 1691 Ibreio
737 1653 996 1703 predictorum
1027 1653 1201 1691 consistit
1233 1653 1276 1690 in
1304 1652 1508 1690 medietate
1535 1653 1655 1690 totius

190 1709 345 1748 ecclesie
377 1711 416 1746 et
452 1707 626 1745 omnium
661 1707 711 1745 ad
746 1707 871 1757 ipsam
906 1708 950 1745 in
986 1707 1116 1745 eadem
1156 1706 1334 1757 parochia
1361 1706 1651 1756 pertinencium.

189 1762 374 1802 Monachi
391 1764 521 1800 autem
539 1761 703 1810 predicti
722 1764 759 1799 et
780 1761 943 1799 vicarius
972 1762 1100 1799 omnia
1128 1773 1241 1799 onera
1268 1761 1369 1798 dicte
1397 1760 1552 1798 ecclesie
1574 1763 1654 1798 tam

189 1817 380 1856 ordinaria
394 1828 509 1865 quam
524 1815 823 1853 extraordinaria
841 1815 1006 1866 quilibet
1024 1828 1091 1865 pro
1109 1828 1178 1853 sua
1191 1815 1370 1865 porcione
1384 1814 1630 1853 sustinebunt
1646 1828 1654 1852 :

188 1875 227 1910 et
245 1871 385 1910 sufficit
403 1870 459 1908 ibi
479 1882 580 1907 unus
599 1869 826 1919 capellanus,

270 1984 485 2019 ΒΑΝΤΟΝ.
522 1976 676 2015 Vicaria
702 1977 745 2014 in
774 1976 930 2015 88818818
946 1977 993 2015 (18
1008 1977 1164 2015 Banton
1180 1990 1255 2027 que
1269 1979 1326 2014 est
1345 1976 1516 2026 Capituli
1529 1976 1654 2014 Exon'

188 2033 363 2071 ordinata
397 2034 454 2069 est
486 2043 554 2080 per
586 2031 787 2069 dominum
818 2031 926 2069 Linc’
959 2032 1167 2081 Hugonem
1199 2031 1420 2077 secundum,
1443 2030 1654 2068 secundum

187 2091 359 2125 tenorem
398 2087 499 2123 carte
536 2085 646 2134 cujus
684 2085 755 2123 hec
798 2088 856 2123 est
905 2085 1038 2124 forma.
1119 2085 1310 2124 Omnibus
1348 2086 1416 2123 &c.
1491 2084 1656 2122 Noverit

189 2140 420 2180 universitas
437 2141 565 2178 vestra
584 2139 689 2189 quod
706 2152 776 2177 nos
803 2139 851 2177 de
878 2152 1034 2177 assensu
1061 2142 1099 2177 et
1119 2140 1319 2178 voluntate
1340 2138 1512 2188 Capituli
1530 2138 1654 2176 Exon’

191 2207 305 2245 super
323 2193 479 2232 ecclesia
499 2193 547 2231 de
565 2193 732 2231 Bamton
752 2196 790 2231 et
810 2193 990 2231 omnibus
1018 2193 1101 2242 ejus
1123 2192 1370 2244 pertinenciis
1391 2195 1428 2230 et
1447 2192 1553 2230 omni
1567 2192 1655 2241 jure

189 2249 312 2299 ipsius
332 2261 372 2286 se
391 2249 528 2297 sponte
556 2247 780 2297 simpliciter
808 2250 845 2284 et
872 2247 985 2297 plene
1012 2250 1142 2285 nostre
1168 2260 1234 2297 per
1263 2247 1391 2285 omnia
1415 2246 1655 2295 subjicientis

186 2301 450 2352 jurisdictioni
477 2305 515 2339 et
543 2301 590 2339 de
618 2314 774 2339 assensu
801 2301 942 2351 Rogeri
959 2301 1108 2339 Decani
1135 2304 1174 2339 et
1197 2301 1369 2350 Capituli
1396 2300 1520 2338 nostri
1545 2300 1655 2338 Linc'

190 2369 303 2407 super
321 2356 398 2393 hiis
417 2355 700 2393 ordinacionem
718 2355 878 2393 fecimus
904 2356 948 2393 in
974 2355 1087 2393 modo
1106 2355 1330 2404 subscripto.
1388 2354 1655 2392 Concessimus

192 2410 374 2460 Capitulo
395 2409 519 2447 Exon’
538 2412 660 2447 totam
686 2409 794 2447 illam
821 2409 1039 2459 porcionem
1065 2409 1108 2446 in
1135 2410 1307 2459 proprios
1325 2421 1417 2446 usus
1435 2408 1654 2446 habendam

193 2464 349 2502 nomine
367 2463 543 2513 perpetui
562 2462 739 2501 beneficii
766 2475 881 2512 quam
909 2463 957 2501 ab
985 2463 1144 2513 antiquo
1172 2463 1402 2513 quandoque
1429 2462 1473 2499 in
1490 2462 1654 2512 propriis

193 2519 327 2556 usibus
342 2517 542 2556 consuevit
555 2517 658 2555 idem
674 2517 898 2567 Capitulum
911 2517 1072 2555 retinere
1087 2520 1126 2555 et
1140 2517 1370 2567 quandoque
1385 2516 1470 2554 aliis
1483 2516 1654 2553 conferre

192 2585 262 2622 pro
290 2585 358 2610 sua
385 2570 595 2610 voluntate.
651 2571 799 2609 Verum
831 2571 879 2609 de
906 2572 1084 2621 porcione
1115 2584 1231 2621 quam
1259 2571 1450 2609 Robertus
1477 2569 1525 2607 de
1544 2569 1653 2619 Lucy

193 2626 321 2664 tenuit
357 2628 395 2663 et
436 2625 510 2662 alia
541 2625 719 2674 porcione
757 2638 873 2675 quam
909 2625 937 2663 J
939 2625 1109 2663 ohannes
1145 2625 1197 2663 fil'
1235 2624 1261 2663 J
1265 2625 1427 2662 ohannis
1458 2623 1653 2673 quondam

193 2679 461 2718 Archidiacon'
481 2678 618 2717 Toton’
639 2679 765 2717 tenuit
784 2679 827 2716 in
847 2678 977 2717 eadem
998 2679 1165 2726 ecclesia,
1188 2679 1243 2716 ita
1266 2678 1527 2716 ordinavimus
1549 2677 1653 2727 quod

188 2734 255 2772 ille
276 2734 344 2783 qui
361 2733 526 2771 vicarius
546 2735 603 2770 est
620 2733 727 2771 illius
745 2733 935 2783 porcionis
956 2746 1071 2782 quam
1086 2732 1132 2771 R.
1155 2733 1203 2770 de
1222 2733 1331 2781 Lucy
1351 2731 1477 2770 tenuit
1497 2733 1653 2768 centum

193 2788 335 2825 solidos
366 2799 515 2825 annuos
544 2787 729 2836 quamdiu
759 2787 900 2826 vixerit
930 2787 1085 2825 nomine
1114 2787 1290 2824 beneficii
1321 2785 1501 2835 Capitulo
1530 2784 1651 2822 Exon'

190 2841 381 2891 persolvet
401 2841 448 2878 de
467 2840 599 2878 eadem
617 2841 819 2889 porcione:
847 2841 874 2878 J
876 2840 1045 2878 ohannes
1063 2853 1152 2879 vero
1172 2842 1401 2878 memoratus
1419 2841 1495 2876 tres
1508 2851 1652 2876 marcas

190 2908 336 2933 annuas
369 2895 493 2932 eidem
526 2894 707 2944 Capitulo
744 2895 920 2933 similiter
951 2897 1033 2932 tota
1066 2895 1147 2933 vita
1179 2907 1247 2932 sua
1279 2893 1469 2944 persolvet
1504 2892 1551 2930 de
1583 2905 1651 2929 sua
