1844 3178
665 347 869 381 Hucoms
906 348 1070 382 WELLS.
1549 337 1602 380 71

158 447 339 498 altaragio
357 447 461 485 illius
488 446 716 493 medietatis,
737 448 775 484 et
792 458 924 483 manso
951 445 1055 495 quod
1073 445 1149 483 fuit
1166 445 1380 483 Alexandri
1398 446 1583 494 capellani
1597 461 1609 495 3

156 506 196 540 et
222 501 346 540 solvet
372 501 534 539 vicarius
567 500 762 547 sinodalia,
792 502 830 537 et
857 500 1050 548 templarii
1084 498 1300 549 hospicium
1335 498 1608 538 Archidiaconi

156 555 423 605 procurabunt.
480 554 658 593 Vicarius
675 566 764 592 vero
782 565 930 602 semper
948 553 1160 603 septimana
1177 552 1353 600 secunda,
1371 553 1514 591 scilicet
1532 566 1609 604 qua

156 609 361 647 celebrabit
379 609 421 646 in
440 608 583 658 capella
601 608 790 646 dictorum
808 607 980 655 fratrum,
1001 606 1071 645 erit
1090 607 1139 644 ad.
1156 619 1326 645 mensam
1344 619 1484 645 eorum.

237 704 451 738 ΒυΒΤοΝ,
508 694 662 732 Vicaria
689 693 731 730 in
759 692 914 730 ecclesia
950 693 997 730 de
1034 693 1194 740 Burton,
1223 706 1297 742 que
1325 696 1382 731 est
1408 693 1544 742 prioris
1571 697 1609 731 et

155 752 368 787 conventus
388 749 435 786 de
450 748 491 786 N
493 751 617 795 ortun,
648 747 870 785 auctoritate
889 746 1041 784 concilii
1060 747 1242 794 ordinata,
1265 747 1440 785 consistit
1458 747 1501 784 in
1526 750 1609 785 toto

156 802 337 851 altaragio
355 802 476 851 ipsius
496 801 662 848 ecclesie,
683 803 721 838 et
739 801 781 838 in
800 800 946 838 decima
963 800 1164 849 garbarum
1182 801 1253 839 xvi
1270 801 1495 839 bovatarum
1514 804 1611 839 terre

156 855 205 893 de
223 856 334 893 feodo
353 856 573 903 Trussebut,
594 867 680 892 cum
699 867 832 892 manso
851 857 1089 903 competente
1106 868 1114 892 :
1143 857 1182 892 et
1209 857 1300 892 sunt
1326 855 1383 892 ibi
1410 855 1612 893 necessarii

157 909 234 947 duo
249 909 434 959 capellani
448 912 486 947 et
500 909 576 946 duo
592 908 726 947 clerici.
775 907 951 945 Vicarius
966 910 1093 945 autem
1106 908 1227 946 solvet
1242 908 1440 956 sinodalia,
1453 912 1492 947 et
1509 909 1612 959 prior

156 966 195 1001 et
213 966 426 1002 conventus
443 962 659 1013 hospicium
678 961 950 999 Archidiaconi
967 961 1236 1011 procurabunt.

238 1059 268 1092 Η
273 1058 534 1093 ΑυΤΕΒΑΒΘ
566 1046 852 1100 [Alkborouyh].
900 1047 1054 1086 Vicaria
1067 1048 1110 1086 in
1124 1048 1280 1087 ecclesia
1294 1049 1341 1087 de
1356 1049 1609 1099 Hautebarge,

157 1116 231 1154 que
246 1107 303 1141 est
317 1103 453 1152 prioris
468 1106 506 1140 et
521 1105 732 1141 conventus
747 1102 794 1140 (16
809 1102 1007 1152 Spalding,
1023 1103 1248 1141 auctoritate
1262 1104 1413 1141 concilii
1426 1103 1611 1151 ordinata,

158 1157 334 1195 consistit
351 1157 394 1194 in
414 1159 494 1194 toto
515 1156 694 1206 altaragio
710 1169 797 1194 cum
811 1168 943 1194 manso
963 1159 1202 1206 competente
1215 1171 1226 1205 3
1253 1160 1291 1195 et
1309 1157 1472 1195 vicarius
1491 1158 1614 1196 solvet

157 1210 367 1260 synodalia,
388 1213 426 1248 et
444 1210 547 1259 prior
561 1213 599 1248 et
613 1214 823 1248 conventus
838 1210 1053 1259 hospicium
1071 1210 1329 1250 archidiaconi
1342 1211 1610 1261 procurabunt.

157 1265 210 1303 Et
227 1265 330 1304 valet
347 1264 489 1302 vicaria
506 1265 546 1314 vj
566 1265 690 1312 marc',
711 1267 750 1302 et
767 1264 896 1302 totalis
915 1263 1071 1302 ecclesia
1089 1264 1141 1303 xl.

239 1361 414 1395 οοΤΕε.
452 1351 606 1389 Vicaria
617 1351 659 1388 in
671 1351 826 1389 ecclesia
837 1352 884 1389 de
899 1351 1024 1399 cotes,
1039 1364 1113 1401 que
1125 1353 1183 1389 est
1194 1351 1343 1390 abbatis
1355 1355 1392 1390 et
1405 1354 1616 1391 conventus

158 1406 207 1444 de
225 1405 433 1452 Wellebec,
452 1406 677 1444 auctoritate
696 1405 848 1443 concilii
876 1406 1061 1452 ordinata,
1082 1406 1257 1443 consistit
1273 1406 1316 1443 in
1334 1409 1416 1443 toto
1434 1407 1616 1455 altaragio

159 1462 198 1498 et
225 1460 267 1497 in
294 1472 350 1496 xx
377 1459 510 1497 solidis
537 1459 675 1497 annuis
703 1472 786 1496 cum
816 1472 949 1497 manso
977 1462 1226 1509 competente.
1301 1459 1499 1510 Assignati
1526 1463 1617 1498 sunt

159 1517 289 1551 autem
308 1513 402 1551 dicti
420 1526 474 1551 xx
493 1513 607 1551 solidi
634 1513 677 1550 in
705 1513 862 1550 decimis
888 1513 1089 1562 garbarum
1117 1513 1164 1550 de
1182 1513 1251 1562 viij
1271 1513 1423 1551 bovatis
1440 1517 1548 1561 terre,
1570 1514 1617 1551 de

159 1567 301 1617 quibus
319 1567 516 1605 Walterus
535 1566 582 1604 de
601 1566 764 1604 Marisco
779 1569 884 1604 tenet
898 1567 1016 1616 iiij01‘.,
1036 1567 1152 1615 Hugo
1167 1567 1354 1616 presbiter
1367 1570 1472 1606 tenet
1486 1580 1616 1617 unam,

160 1621 289 1659 Adam
308 1620 467 1659 Crassus
486 1624 592 1659 tenet
612 1621 718 1667 duas,
739 1623 778 1658 et
796 1620 987 1659 Henricus
1007 1621 1165 1659 Crassus
1184 1633 1311 1660 unam.

239 1716 541 1750 ΤΟΒΚΕΒΕΥΕ,
599 1706 754 1745 Vicaria
771 1707 813 1744 in
832 1707 988 1745 ecclesia
1015 1707 1055 1747 S.
1085 1707 1208 1746 Marie
1227 1707 1275 1745 de
1299 1707 1523 1758 Torkeseye,
1543 1721 1618 1758 que

160 1763 218 1800 est
233 1761 512 1800 Canonicorum
527 1760 699 1810 ejusdem
712 1761 815 1808 ville,
832 1762 1056 1799 auctoritate
1074 1761 1227 1800 concilii
1241 1762 1427 1809 ordinata,
1443 1763 1619 1800 consistit

159 1816 202 1854 in
219 1815 328 1854 victu
345 1815 461 1852 unius
480 1815 653 1853 canonici
671 1818 710 1852 et
728 1828 805 1853 una
823 1828 947 1853 marca
960 1828 1099 1864 annua,
1116 1829 1204 1854 cum
1217 1829 1349 1854 manso
1365 1820 1616 1866 competente.

240 1911 384 1946 0301..
443 1899 630 1954 [0rowZe].
686 1901 839 1939 Vicaria
857 1902 900 1939 in
919 1902 1076 1940 ecclesia
1094 1902 1142 1940 de
1161 1902 1280 1950 Crull,
1301 1916 1375 1953 que
1394 1906 1451 1941 est
1469 1904 1619 1942 abbatis

160 1959 200 1994 et
215 1960 427 1994 conventus
441 1956 489 1993 de
510 1955 661 2005 Seleby‚
678 1956 876 1993 exdudum
894 1956 1079 2004 ordinata,
1095 1957 1270 1995 consistit
1283 1957 1326 1994 in
1339 1960 1422 1995 toto
1437 1958 1618 2008 altaragio

160 2014 198 2048 et
218 2010 396 2048 omnibus
414 2010 576 2047 minutis
603 2010 760 2047 decimis
777 2010 827 2047 ad
845 2010 1040 2048 ecclesiam
1057 2011 1181 2060 ipsam
1204 2011 1500 2060 pertinentibus,
1521 2015 1559 2050 et
1577 2013 1620 2049 in

160 2063 310 2102 duabus
327 2063 478 2102 bovatis
496 2066 594 2101 terre
621 2076 708 2101 cum
735 2064 774 2113 vj
797 2064 891 2102 acris
908 2065 1009 2113 prati
1027 2067 1066 2102 et
1091 2077 1178 2102 cum
1209 2077 1341 2103 manso
1374 2065 1621 2115 competenti.

161 2117 278 2156 Salva
296 2117 387 2155 inde
405 2117 519 2155 dictis
537 2117 669 2155 abbati
687 2120 726 2155 et
744 2118 953 2157 conventui
970 2131 1047 2156 una
1065 2131 1190 2157 marca
1203 2131 1290 2157 cum
1304 2132 1388 2158 eam
1400 2119 1476 2157 sibi
1490 2119 1620 2158 deberi

159 2171 405 2222 probaverint
422 2184 489 2222 per
508 2171 801 2210 ordinacionem.

241 2267 597 2302 ΒΑυΙιΒΤΗΟΒΡ.
641 2256 920 2311 [Εαυθηέῆονρε
934 2260 978 2298 in
990 2257 1192 2312 Appzeby}
1231 2259 1386 2298 Vicaria
1403 2260 1446 2298 in
1464 2261 1619 2300 ecclesie

161 2312 209 2350 de
219 2312 489 2361 Rauildthorp,
503 2324 577 2362 que
588 2315 645 2351 est
656 2313 792 2362 prioris
804 2317 841 2351 et
853 2316 1065 2352 conventus
1077 2314 1125 2351 de
1136 2314 1385 2361 Thornholm‚
1393 2316 1621 2354 auctoritata

162 2366 315 2404 concilii
333 2366 518 2413 ordinata,
539 2367 713 2405 consistit
740 2367 783 2405 in
810 2370 892 2406 toto
921 2368 1100 2417 altaragio
1128 2371 1167 2405 et
1193 2369 1236 2406 in
1261 2369 1439 2407 omnibus
1458 2370 1620 2408 minutis

161 2420 331 2467 decimis,
339 2422 582 2469 preterquam
591 2421 638 2458 de
651 2421 822 2458 instauro
831 2421 1123 2468 Canonicorum,
1132 2422 1216 2459 etin
1223 2435 1353 2460 manso
1367 2426 1615 2472 competente.

160 2473 352 2525 Percipiet
371 2477 500 2511 autem
519 2474 683 2512 vicarius
702 2472 780 2527 [fo.
805 2474 892 2527 201³]
909 2489 930 2513 a
945 2475 1136 2514 canonicis
1154 2476 1335 2525 predictis
1367 2477 1620 2527 quadraginta

161 2528 303 2566 solidos
321 2540 470 2565 annuos
487 2527 536 2565 ad
555 2532 718 2578 quatuor
742 2530 937 2577 terminos,
957 2529 1137 2567 videlicet
1155 2530 1205 2567 ad
1222 2531 1400 2580 pascham
1419 2544 1447 2568 x
1465 2531 1618 2579 solidos,

160 2581 203 2620 in
231 2582 329 2620 festo
358 2581 396 2619 S.
427 2581 621 2619 Johannis
649 2583 823 2633 Baptista
851 2596 879 2621 Χ
906 2583 1058 2630 solidos,
1088 2583 1130 2621 in
1156 2584 1255 2622 festo
1292 2584 1331 2623 S.
1362 2585 1564 2623 Michaelis
1592 2597 1620 2623 Χ

161 2635 314 2682 6011ἀο6,
334 2635 376 2673 111
394 2634 493 2673 festo
520 2635 561 2673 N
562 2636 648 2674 atal'
677 2637 839 2675 Domini
865 2650 893 2675 x
921 2637 1072 2675 solidos.
1133 2637 1177 2675 Si
1195 2641 1322 2676 autem
1341 2651 1363 2676 a
1381 2638 1574 2677 solucione
1593 2652 1620 2677 x

162 2689 370 2727 solidorum
397 2688 525 2738 aliquo
553 2690 810 2739 predictorum
845 2692 1096 2729 terminorum
1133 2693 1361 2730 cessaverint
1388 2692 1452 2730 vel
1478 2693 1620 2731 vicario

160 2743 261 2781 infra
279 2755 333 2781 xv
352 2742 433 2780 dies
451 2743 643 2792 proximas
661 2748 863 2794 sequentes
887 2757 966 2783 non
985 2745 1248 2793 satisfecerint,
1269 2746 1418 2783 dabunt
1435 2759 1504 2795 pro
1522 2759 1621 2796 pena

162 2797 285 2835 eidem
312 2796 454 2834 vicario
490 2796 690 2836 dimidiam
724 2811 889 2837 marcam
917 2799 1073 2849 argenti.
1132 2799 1304 2837 Habebit
1340 2800 1459 2838 eciam
1495 2800 1621 2838 dictus

162 2850 326 2889 vicarius
356 2850 385 2899 ij
418 2862 521 2888 acras
557 2853 655 2889 terre
690 2851 734 2890 in
769 2865 848 2890 uno
885 2865 1017 2903 campo
1054 2856 1092 2891 et
1127 2853 1155 2902 ij
1191 2854 1234 2891 in
1265 2853 1350 2892 alio.
1409 2854 1461 2892 Et
1496 2854 1620 2893 solvet

163 2903 430 2943 tantummodo
448 2904 660 2953 synodalia.

328 2973 401 3004 [The
413 2973 570 3000 remainder
581 2974 611 2999 of
623 2974 682 3001 this
696 2981 774 3007 page,
787 2975 841 3001 and
855 2975 923 3001 both
936 2976 1008 3002 sides
1019 2975 1049 3002 of
1060 2976 1108 3003 ffo.
1119 2977 1148 3002 21
1164 2976 1219 3003 and
1231 2977 1273 3008 22,
1286 2983 1333 3002 are
1345 2976 1456 3009 blankJ.
