1844 3178
720 321 927 356 HUGONIS
956 321 1121 355 WELLS.
1601 313 1654 354 93

193 420 421 470 episcopalia
429 432 546 470 quam
558 419 876 459 archidiaconalia
891 419 1147 458 sustinebunt.
1197 418 1324 458 Salvis
1337 419 1380 457 in
1392 420 1571 460 omnibus
1586 422 1653 462 διο.

193 475 245 512 Et
259 478 304 512 ut
322 474 393 512 hec
411 477 541 512 nostra
559 475 750 512 concessio
766 473 834 511 διο.
881 473 1060 511 Testibus
1076 473 1142 512 ὅτε.
1160 476 1205 511 ut
1223 486 1338 523 supra
1353 476 1456 511 carta
1469 477 1652 523 proxima.

193 528 283 565 Dat'
302 540 369 577 per
387 540 523 566 manus
541 528 605 567 W.
627 529 675 566 de
695 527 852 566 Tornac'
871 527 1147 565 Archidiaconi
1176 527 1305 566 Stowe
1333 527 1437 577 apud
1456 527 1563 567 Linc’
1582 529 1651 569 v‘00.

193 581 253 620 Id.
275 581 470 631 Februarij
491 582 738 632 pontificatus
759 581 881 619 nostri
901 594 1002 619 anno
1023 586 1079 620 x0.

827 687 910 741 [Fo.
934 686 1030 740 29³}

275 768 550 803 οΒῡιΝΑοιο
579 758 724 797 ecclesie
743 759 787 797 de
804 759 959 807 Auford
978 762 1014 796 et
1031 757 1173 796 vicarie
1192 757 1368 807 ejusdem.

276 812 468 850 Omnibus
506 813 567 851 διο.
625 813 790 851 Noverit
835 812 1065 850 universitas
1110 814 1237 850 vestra
1273 811 1378 861 quod
1414 811 1578 850 dilectus
1614 813 1656 851 in

194 865 350 906 Christo
369 865 474 904 filius
501 866 686 916 Magister
714 866 806 916 Reg.
838 866 886 903 de
913 865 1061 905 Cestria
1088 868 1182 904 tunc
1204 865 1388 904 Officialis
1407 869 1537 903 noster
1564 866 1658 904 dum

193 932 361 958 essemus
397 919 440 957 in
477 920 651 970 partibus
687 919 952 958 transmarinis
988 919 1214 957 auctoritate
1252 919 1287 957 ei
1313 919 1426 957 nobis
1458 921 1658 958 commissa

193 973 401 1012 ordinandi
437 976 475 1011 et
510 973 770 1023 provisionem
805 973 972 1011 faciendi
1009 985 1122 1023 super
1157 972 1313 1011 ecclesia
1350 973 1398 1012 de
1429 972 1581 1011 Auford
1619 977 1658 1012 et

193 1027 339 1077 capella
358 1027 406 1064 de
426 1027 603 1077 Riggeby
621 1027 737 1065 talem
758 1027 842 1065 vice
861 1030 990 1065 nostra
1014 1027 1105 1064 fecit
1129 1026 1412 1065 ordinacionem
1431 1040 1439 1065 ε
1476 1027 1657 1066 videlicet

193 1084 298 1131 quod
328 1080 495 1119 vicarius
526 1083 734 1130 perpetuus
767 1080 809 1118 in
841 1081 984 1118 eisdem
1017 1081 1174 1118 ecclesia
1204 1083 1243 1118 et
1261 1081 1406 1130 capella
1424 1081 1657 1120 constitutus

191 1134 351 1173 habebit
387 1137 509 1172 totam
545 1137 684 1172 terram
720 1134 875 1172 ecclesie
907 1137 945 1172 et
973 1134 1116 1183 capelle
1148 1147 1236 1172 cum
1275 1135 1394 1183 pratis
1428 1134 1577 1184 pascuis
1619 1139 1657 1174 et

192 1188 374 1226 turbariis
406 1191 444 1226 et
478 1189 658 1226 omnibus
687 1188 772 1226 aliis
800 1188 1046 1237 pertinenciis
1074 1188 1153 1226 suis
1173 1191 1211 1225 et
1233 1188 1478 1226 libertatibus
1498 1192 1657 1239 excepta

193 1242 399 1279 medietate
419 1242 544 1279 mansi
562 1242 665 1291 apud
684 1241 846 1280 Auford'
865 1255 981 1291 quam
999 1242 1173 1279 canonici
1191 1241 1394 1291 hospitalis
1422 1245 1530 1280 extra
1549 1243 1657 1281 Linc'

193 1296 394 1334 habebunt
427 1295 477 1333 ad
509 1296 685 1333 facienda
702 1296 848 1333 ibidem
885 1308 989 1333 orrea
1020 1308 1088 1333 sua
1120 1296 1169 1333 ad
1204 1296 1469 1345 reponendum
1493 1296 1658 1339 decimas

193 1349 394 1399 garbarum
440 1349 489 1387 ad
534 1349 699 1399 prefatas
745 1349 940 1387 ecclesiam
986 1352 1024 1387 et
1070 1349 1256 1398 capellam
1300 1350 1537 1399 pertinentes
1583 1364 1658 1400 que

194 1403 458 1441 conceduntur
489 1403 544 1440 eis
579 1403 727 1453 integre
758 1404 801 1441 in
828 1403 1000 1453 proprios
1031 1415 1124 1440 usus
1162 1403 1426 1442 convertende.
1486 1404 1658 1443 Habebit

194 1457 314 1495 eciam
349 1457 454 1494 idem
485 1457 650 1495 vicarius
683 1457 863 1506 altaragia
897 1460 976 1494 tam
1009 1456 1163 1494 ecclesie
1199 1469 1313 1505 quam
1342 1457 1485 1506 capelle
1513 1459 1657 1497 scilicet

194 1511 411 1549 oblaciones
429 1513 639 1560 proventus
657 1513 696 1548 et
712 1511 966 1548 obvenciones
987 1522 1120 1548 omnes
1138 1514 1264 1559 preter
1278 1510 1443 1548 decimas
1456 1512 1657 1560 garbarum

194 1567 239 1603 ut
275 1564 491 1614 predictum
527 1567 595 1603 cst.
651 1564 704 1602 Et
739 1564 783 1601 in
818 1564 971 1613 propria
1003 1576 1165 1613 persona
1197 1563 1312 1602 faciet
1343 1564 1386 1602 in
1420 1565 1577 1603 ecclesia
1610 1566 1657 1604 de

193 1618 345 1656 Auford
363 1618 612 1655 residenciam
627 1621 665 1655 et
684 1618 726 1655 in
745 1617 878 1655 ordine
892 1617 1116 1655 sacerdotali
1130 1618 1378 1665 ministrabit,
1394 1621 1432 1656 et
1451 1619 1494 1656 in
1513 1620 1658 1669 capella

195 1672 242 1710 de
261 1671 438 1721 Riggeby
470 1684 538 1721 per
569 1671 687 1709 alium
721 1671 961 1721 capellanum
993 1671 1177 1709 idoneum
1209 1671 1278 1721 qui
1306 1684 1452 1710 moram
1469 1673 1527 1710 ibi
1544 1674 1658 1712 faciet

195 1728 454 1775 competenter
484 1725 599 1763 faciet
630 1725 865 1774 ministrari3
897 1725 1025 1763 omnia
1046 1738 1160 1763 onera
1179 1728 1361 1764 consueta
1396 1728 1434 1764 et
1467 1727 1658 1766 ordinaria

194 1779 411 1818 sustinebit.
470 1778 531 1817 Ob
550 1779 655 1829 quod
672 1780 716 1817 in
734 1779 924 1817 auxilium
943 1779 1074 1817 decem
1088 1779 1229 1817 solidos
1247 1792 1270 1818 a
1288 1779 1446 1829 prefatis
1465 1782 1658 1820 canonicis

195 1834 338 1871 scilicet
357 1833 407 1871 ad
424 1832 606 1883 pascham
624 1834 796 1883 quinque
814 1833 882 1871 sol'
901 1836 940 1871 et
958 1833 1008 1871 ad
1034 1833 1177 1870 festum
1197 1833 1236 1872 S.
1258 1833 1462 1872 Michaelis
1481 1835 1654 1885 quinque

195 1887 338 1926 solidos
357 1887 541 1937 percipiet
553 1887 764 1925 annuatim.
812 1887 936 1925 Juxta
955 1899 1069 1936 quam
1081 1887 1339 1936 provisionem
1353 1887 1457 1925 idem
1473 1888 1658 1928 Officialis

195 1944 324 1979 noster
339 1941 388 1979 ad
398 1941 725 1990 presentacionem
736 1941 879 1978 Prioris
893 1944 932 1979 et
943 1941 1133 1978 dictorum
1145 1941 1415 1979 canonicorum
1427 1942 1658 1992 Magistrum

195 1995 223 2033 J
224 1995 416 2033 ohannem
437 1993 489 2032 fil’
508 1994 667 2033 Gurred’
697 1995 875 2032 clericum
902 1994 951 2032 ad
978 1994 1190 2044 predictam
1216 1995 1399 2033 vicariam
1427 1996 1581 2035 ecclesie
1609 1998 1657 2035 de

194 2048 357 2086 Auford'
372 2052 410 2086 et
429 2048 572 2098 capelle
591 2048 638 2086 de
653 2048 828 2098 Riggeby
841 2048 1009 2095 admisit,
1028 2049 1231 2098 ipsumque
1249 2049 1292 2087 in
1311 2049 1455 2087 eisdem
1471 2050 1656 2089 vicarium

195 2105 424 2152 perpetuum
435 2102 619 2150 instituit,
632 2102 755 2140 dictos
766 2115 919 2152 quoque
930 2102 1102 2140 Priorem
1114 2105 1152 2140 et
1164 2103 1365 2141 canonicos
1377 2104 1425 2141 ad
1437 2105 1657 2153 porcionem

196 2169 270 2206 que
288 2157 392 2206 ipsos
410 2156 509 2194 sicut
527 2156 570 2193 in
589 2156 833 2194 ordinacione
851 2156 1079 2206 premissum
1097 2159 1155 2194 est
1169 2157 1331 2206 contigit
1349 2157 1516 2197 admisit.
1572 2159 1657 2197 Nos

196 2210 314 2260 igitur
340 2210 550 2260 predictam
582 2210 840 2259 provisionem
873 2213 912 2248 et
943 2210 1226 2248 ordinacionem
1262 2224 1284 2248 a
1310 2211 1460 2261 prefato
1493 2212 1657 2251 Officiali

196 2267 328 2302 nostro
347 2264 489 2302 factam
507 2266 629 2301 ratam
647 2263 832 2302 habentes
861 2267 899 2302 et
926 2266 1083 2313 gratam,
1104 2276 1187 2301 eam
1208 2265 1433 2303 auctoritate
1452 2266 1658 2316 episcopali

198 2318 473 2356 confirmamus.
533 2317 660 2356 Salvis
687 2318 730 2355 in
758 2318 938 2356 omnibus
966 2317 1245 2367 episcopalibus
1272 2318 1340 2357 ὅτε.
1397 2319 1450 2357 Et
1468 2320 1511 2357 in
1538 2320 1657 2370 hujus

196 2372 252 2409 rei
282 2371 548 2410 testimonium
574 2372 743 2421 presenti
775 2374 876 2410 carte
905 2371 1074 2421 sigillum
1099 2374 1274 2409 nostrum
1301 2385 1379 2410 una
1411 2386 1498 2411 cum
1530 2374 1657 2424 sigillo

198 2425 372 2475 Capituli
392 2426 515 2463 nostri
532 2425 640 2463 Linc’
668 2426 851 2464 duximus
878 2425 1159 2475 apponendum.
1218 2426 1398 2465 Testibus
1419 2430 1464 2465 ut
1483 2440 1596 2477 supra
1614 2429 1657 2466 in

197 2479 320 2528 prima
338 2482 441 2517 carta
459 2479 554 2516 anni
583 2479 734 2526 decimi,
762 2480 948 2529 appositis
975 2479 1039 2517 hic
1071 2479 1194 2517 Reim'
1227 2479 1494 2519 archidiacono
1522 2482 1654 2529 Leirc’,

197 2533 243 2573 R.
265 2533 314 2571 de
332 2533 479 2581 Hulm',
499 2533 545 2571 R.
567 2533 616 2570 de
633 2533 851 2580 Lindwud’,
875 2533 936 2571 W.
958 2532 1097 2570 Bln'do
1117 2536 1156 2570 et
1174 2533 1361 2582 Magistro
1381 2534 1444 2573 W.
1468 2535 1515 2573 de
1534 2535 1652 2574 Linc'.

196 2587 287 2625 Dat’
306 2599 374 2636 per
391 2599 527 2624 manus
542 2586 607 2625 W.
630 2587 678 2624 de
696 2587 852 2625 Tornac'
871 2587 1129 2625 archidiaconi
1148 2586 1275 2626 Stowe
1293 2588 1335 2626 in
1354 2588 1535 2638 Capitulo
1546 2589 1655 2628 Linc'

197 2640 300 2691 apud
318 2640 493 2678 Lincoln'
511 2640 602 2690 xiij0
619 2640 696 2679 kal.
717 2641 852 2691 Marcij
873 2641 1119 2691 pontificatus
1137 2641 1260 2679 nostri
1277 2654 1378 2680 anno
1397 2648 1449 2681 κθ.

278 2746 570 2780 ΑΟνΟΟΑΟΙΟ
589 2746 651 2779 DE
671 2746 1040 2781 MESSEWORDH’.

279 2790 471 2828 Omnibus
489 2790 549 2827 διο.
607 2789 738 2838 Quum
756 2792 820 2840 pia
836 2791 938 2829 facta
955 2789 1129 2828 fidelium
1146 2789 1263 2840 digno
1281 2794 1374 2829 sunt
1392 2792 1655 2841 prosequenda

198 2844 338 2892 favore,
361 2845 400 2883 N
403 2843 557 2883 overitis
575 2856 646 2881 nos
665 2845 910 2884 collacionem
932 2842 1064 2882 directi
1076 2844 1148 2881 filii
1166 2844 1348 2884 Turstani
1366 2846 1501 2883 Basset
1519 2846 1655 2884 militis
