1844 3178
203 316 286 359 106
517 325 656 359 LIBER
684 324 920 364 ANTIQUUS
946 323 1155 357 HUGONIS
1182 323 1349 358 WELLS.

198 427 250 465 In
269 427 380 476 cujus
398 424 453 463 rei
470 426 694 474 perpetuam
719 422 940 461 memoriam
959 422 1130 472 sigillum
1148 424 1323 460 nostrum
1341 422 1583 471 presentibus
1602 425 1662 460 est

198 492 422 531 appensum.
478 478 569 516 Dat'
598 477 703 527 apud.
731 476 917 515 Sanctum
945 476 1183 516 Clowaldum
1200 475 1243 527 (2)
1272 476 1409 525 quinto
1429 476 1524 514 Idus
1547 476 1575 514 J
1576 477 1659 526 unij

198 548 300 573 anno
335 532 482 573 domini
509 531 719 583 Millesimo
746 530 862 570 CCmO
889 531 980 569 lxm0
1008 530 1170 580 septimo
1199 533 1237 568 et
1268 530 1513 580 pontificatus
1538 531 1662 569 nostri

197 602 310 628 nono.
369 589 452 627 Ista
470 587 668 636 registr-ata
687 587 779 623 sunt
797 597 866 635 per
883 585 924 624 T.
949 585 1131 624 Colstone
1149 584 1418 634 registrarium.

828 691 910 746 [Fo.
935 691 1030 746 332]

282 745 558 782 LEYOESTR'.

277 791 425 829 Abbati
443 787 634 839 Leycestr'
650 791 688 826 et
707 788 812 838 quod.
830 790 951 838 possit
970 789 1089 827 alium
1109 787 1339 826 monachum
1359 787 1552 838 deputare.

278 845 433 884 Vicario
455 845 491 882 S.
514 843 728 892 Margarete
746 842 871 893 Leyc’.

278 951 447 986 ΟΧΟΝ’.

277 995 432 1033 Vicario
453 994 491 1033 S.
514 992 622 1031 Petri
640 993 683 1031 in
701 992 857 1031 oriente.

281 1101 378 1134 PRO
398 1100 545 1134 ARCH’
564 1099 748 1133 STOWE.

275 1142 462 1193 Magistro
481 1141 696 1180 Willielmo
716 1141 764 1179 de
789 1140 1032 1191 Harington'.

278 1248 308 1282 Η
313 1249 347 1282 Ο
352 1249 412 1282 1.Α
417 1249 447 1282 U
454 1248 483 1281 Ν
491 1248 532 1281 D.

276 1290 432 1328 Vicario
452 1290 500 1327 de
519 1287 697 1326 Multon'.

277 1344 464 1394 Magistro
484 1344 512 1382 J
515 1343 660 1380 ohanni
679 1341 785 1380 Leek
805 1341 942 1380 rectori
961 1342 1009 1380 de
1028 1342 1270 1392 Benington’.

276 1398 431 1437 Vicario
452 1398 499 1436 de
520 1397 676 1446 Munby
695 1397 737 1434 in
759 1396 1011 1435 decanatibus
1031 1397 1079 1437 de
1099 1397 1295 1437 Can'sowe
1314 1398 1353 1435 et
1373 1395 1578 1435 Calswath.

280 1504 431 1539 Buox’
452 1504 549 1538 ΡΒΟ
567 1503 727 1537 Anci-⁴⁵.

277 1548 433 1587 Rectori
452 1547 608 1586 ecclesie
629 1547 677 1585 de
696 1546 935 1597 Tappelowe.

280 1654 540 1688 ΒΕΒΕΡΟΒΕ)
561 1654 656 1689 PRO
674 1652 834 1687 AROH’.

278 1694 560 1731 Archidiacono
580 1694 664 1732 loci.

277 1746 367 1785 Fiat
388 1748 604 1786 commissio
623 1748 666 1785 in
685 1748 806 1786 forma
825 1751 1015 1786 consueta.

279 1801 332 1838 Et
355 1805 545 1851 quantum
564 1802 614 1840 ad
632 1805 861 1852 potestatem
879 1802 1034 1840 illorum
1053 1803 1122 1852 qui
1135 1805 1227 1840 sunt
1242 1802 1417 1853 deputati
1436 1803 1666 1842 confessores

197 1855 428 1894 monialium
450 1856 620 1894 habeant
648 1857 803 1906 plenam
829 1859 1059 1906 potestatem
1089 1859 1127 1894 et
1154 1857 1380 1907 injungatur
1398 1858 1542 1896 eisdem
1561 1857 1666 1907 quod

195 1909 359 1947 visitent
387 1910 544 1948 demum
562 1911 814 1960 personaliter
837 1911 939 1949 infra
965 1911 1189 1949 triennium.
1245 1911 1298 1949 Et
1325 1911 1465 1950 habeat
1492 1912 1666 1961 quelibet

197 1963 335 2001 domus
355 1964 580 2002 monialium
604 1978 670 2015 per
686 1965 869 2003 diocesim
883 1968 1113 2015 potestatem
1131 1966 1299 2016 eligendi
1317 1966 1414 2004 duos
1433 1966 1666 2004 confessores

198 2017 389 2056 seculares
408 2018 472 2057 vel
499 2019 700 2069 regulares.
757 2019 909 2057 Domus
935 2032 1026 2058 vero
1055 2020 1102 2058 de
1122 2020 1349 2059 Godestowe
1368 2024 1532 2070 quatuor
1551 2020 1666 2070 eligat

198 2073 447 2111 confessores.
506 2073 558 2111 Et
585 2074 793 2112 exhibeant
821 2074 888 2112 ille
915 2074 1100 2113 moniales
1127 2075 1207 2113 suis
1234 2075 1514 2114 confessoribus
1535 2075 1666 2113 literas

197 2129 409 2176 antequam
429 2127 635 2166 audiantur
653 2128 920 2168 confessiones.

843 2451 1013 2517 affinia.
