1844 3178
689 358 894 392 HUGONIS
925 356 1090 389 WELLS.
1569 347 1623 387 69

256 459 308 497 Ε1
340 458 538 496 sciendum
576 460 633 495 est
666 456 769 507 quod
796 455 892 493 dicti
919 453 1104 493 Canonici
1131 452 1258 491 nullas
1284 452 1449 491 decimas
1476 454 1627 493 solvent

174 513 327 552 vicariis
354 512 433 550 suis
461 512 508 549 de
535 511 782 549 nutrimentis
810 508 1031 547 animalium
1058 520 1212 545 suorum
1239 519 1364 556 neque
1390 506 1438 544 de
1466 507 1550 546 aliis
1577 509 1627 547 ad

173 567 277 617 ipsos
297 566 499 604 canonicos
517 564 798 615 pertinentibus
816 564 859 601 in
879 562 991 600 dictis
1010 561 1209 611 parochiis.

253 699 432 733 ΒΙΒΕΒΥ,
477 687 614 740 [Risby
631 689 671 726 in
685 684 846 739 Rom-by}
905 685 1058 724 Vicaria
1076 685 1116 722 in
1137 684 1293 722 66616616
1311 684 1358 722 (16
1377 684 1533 734 Riseby,
1554 699 1627 735 que

171 747 229 782 est
247 744 384 793 prioris
403 746 440 780 et
460 743 726 780 canonicorum
746 742 792 779 de
815 740 1063 786 Thornholm‚
1084 739 1308 776 auctoritate
1328 739 1480 776 concilii
1497 739 1550 776 616
1570 743 1628 778 661

171 798 355 836 ordinata.
395 797 571 834 Vicarius
583 796 740 833 habebit
751 795 907 833 nomine
919 796 1098 843 perpetue
1112 793 1251 830 vicarie
1264 795 1389 830 totum
1404 792 1628 842 altaragium

169 854 295 901 preter
313 850 499 888 decimam
517 850 661 899 proprii
679 847 969 886 instauramenti
992 847 1268 885 canonicorum.
1317 846 1490 884 Habebit
1509 847 1629 884 eciam

170 906 312 943 toftum
331 904 435 954 quod
450 904 551 953 jacet
565 904 680 952 juxta
698 903 840 941 toftum
859 901 1050 939 Helewise
1069 900 1197 947 vidue,
1217 902 1256 938 et
1274 900 1462 938 sinodalia
1480 900 1605 939 solvet
1618 914 1629 949 3

169 961 209 997 et
227 958 401 997 canonici
418 957 634 1007 hospicium
653 956 909 995 archidiaconi
926 955 1195 1005 procurabunt.

252 1089 593 1125 MESSlNGHAM.
650 1080 805 1119 Vicaria
831 1079 874 1116 in
902 1078 1057 1116 ecclesia
1084 1078 1132 1115 de
1159 1076 1452 1127 Messingeham,
1475 1090 1550 1127 que
1572 1081 1630 1116 est

171 1136 389 1182 eorundem,
428 1135 652 1172 auctoritate
690 1133 842 1172 concilii
879 1133 932 1170 sic
971 1135 1028 1170 est
1065 1131 1249 1169 ordinata.
1321 1131 1508 1170 Consistit
1546 1132 1630 1181 ipsa

169 1190 311 1229 vicaria
338 1189 381 1226 in
407 1191 489 1226 toto
518 1188 697 1237 altaragio
717 1192 756 1225 et
779 1187 929 1225 duabus
956 1186 1107 1224 bovatis
1135 1188 1231 1223 terre
1261 1198 1347 1223 eum
1373 1188 1455 1223 tota
1483 1186 1631 1223 decima

170 1243 375 1282 earundem
393 1242 631 1290 bovatarum,
652 1254 746 1291 quas
765 1241 859 1279 duas
878 1241 1036 1278 bovatas
1056 1239 1195 1277 Matill’
1214 1240 1320 1277 Scrat
1340 1242 1377 1276 et
1392 1239 1629 1277 Willielmus

170 1298 310 1336 Guleta
328 1298 547 1343 tenuerunt,
569 1308 643 1345 que
671 1295 885 1345 appreciata
913 1297 1004 1332 sunt
1025 1293 1073 1331 ad
1092 1306 1147 1330 xx
1166 1293 1307 1331 solidos
1320 1307 1331 1341 3
1360 1295 1398 1330 et
1416 1293 1458 1330 in
1478 1293 1630 1331 duobus

169 1352 280 1389 tostis
309 1363 382 1400 que
411 1350 527 1399 Hugo
564 1350 675 1398 Long
703 1353 741 1386 et
773 1348 1009 1386 Willielmus
1038 1346 1225 1385 Guren'nt
1253 1349 1461 1384 tenuerunt
1474 1360 1485 1394 3
1522 1350 1560 1385 et
1587 1348 1630 1384 in

169 1417 301 1443 manso
321 1404 389 1454 qui
403 1404 506 1453 jacet
532 1404 634 1441 inter
660 1402 873 1440 Robertum
901 1401 949 1438 de
977 1401 1126 1438 Rowell
1146 1400 1332 1438 decanum
1354 1403 1392 1438 61
1411 1400 1631 1438 Walterum

169 1459 279 1508 Poly.
337 1458 449 1495 Idem
467 1460 596 1495 autem
614 1457 778 1495 vicarius
798 1455 921 1493 solvet
936 1454 1121 1492 sinodalia
1134 1468 1145 1502 3
1174 1457 1212 1492 et
1227 1454 1399 1491 canonici
1414 1454 1630 1504 hospicium

171 1512 444 1550 Archidiaconi
462 1511 733 1560 procurabunt.
787 1510 926 1547 Postea
943 1512 1073 1546 tamen
1092 1511 1240 1546 mutata
1258 1508 1333 1545 fuit
1353 1507 1544 1546 ordinacio
1564 1521 1632 1557 per

171 1566 429 1604 Willielmum
450 1565 497 1602 de
516 1564 654 1603 Cantia
672 1563 982 1602 archidiaconum
998 1562 1137 1608 Stowe,
1154 1561 1281 1611 quoad
1295 1574 1472 1599 mansum
1486 1562 1632 1600 66111661

170 1620 275 1669 quod
294 1619 468 1657 consistit
487 1619 529 1655 in
548 1630 680 1655 manso
705 1618 858 1667 jacente
884 1617 986 1653 inter
1011 1615 1157 1653 toftum
1185 1615 1390 1652 Willielmi
1409 1615 1479 1653 filii
1498 1615 1631 1653 Ailine

171 1677 209 1711 61
221 1674 363 1712 toftum
371 1672 531 1710 Roberti
545 1672 591 1709 de
598 1671 779 1721 Asckeby
786 1684 797 1719 3
816 1670 884 1720 qui
896 1670 1051 1719 quidem
1063 1682 1218 1706 mansus
1228 1669 1313 1720 (sic)
1328 1669 1404 1706 fuit
1416 1669 1631 1719 assignatus

171 1727 331 1777 Hugoni
348 1726 489 1764 vicario
508 1738 575 1775 per
603 1726 724 1763 dictos
751 1725 916 1774 priorem
943 1726 982 1761 et
1007 1726 1240 1761 conventum
1259 1723 1306 1761 de
1325 1723 1564 1761 Thornholm
1584 1724 1632 1761 de

171 1793 360 1819 consensu
388 1780 559 1829 ejusdem
588 1779 777 1829 Hugonis,
798 1778 904 1816 etad
922 1777 1130 1815 utilitatem
1159 1789 1278 1824 suam,
1308 1779 1352 1814 ut
1380 1777 1532 1825 dicitur,
1561 1790 1630 1827 pro

171 1835 269 1873 tofto
289 1834 393 1885 quod
407 1835 510 1884 jacet
529 1834 629 1871 inter
656 1833 800 1871 toftum
827 1831 988 1870 Roberti
1007 1831 1054 1869 (16
1082 1831 1230 1869 Rowell
1248 1834 1286 1869 et
1303 1831 1448 1868 toftum
1466 1831 1631 1869 Walteri

171 1889 271 1939 Poly
290 1889 479 1938 assignato
508 1887 631 1925 eidem
658 1887 799 1926 vicario
825 1886 932 1935 prius
959 1898 1026 1935 per
1046 1885 1258 1935 predictam
1277 1884 1571 1932 ordinacionem,
1592 1888 1631 1922 et

171 1955 241 1992 pro
268 1943 343 1980 1610
371 1954 504 1979 11161160
532 1941 587 1979 616
614 1943 875 1990 compmutato
904 1940 1026 1977 solvet
1054 1939 1218 1977 vicarius
1236 1951 1304 1989 per
1325 1951 1470 1977 annum
1497 1937 1628 1989 xviijd.

172 1997 288 2035 dictis
306 1996 426 2047 priori
443 1998 482 2034 61
501 1995 718 2034 conventui.

250 2129 482 2164 ΑΡΡΕι-ΒΥ,
539 2118 692 2157 Vicaria
709 2118 753 2156 in
770 2117 927 2156 ecclesia
952 2117 1000 2155 de
1027 2116 1220 2166 Appelby,
1241 2128 1316 2166 que
1335 2119 1392 2154 est
1411 2116 1628 2165 eorundem,

171 2173 394 2213 auctoritate
433 2173 584 2211 concilii
620 2173 674 2210 sic
710 2175 768 2210 est
804 2171 988 2209 ordinata.
1065 2171 1244 2208 Vicarius
1280 2170 1438 2209 habebit
1474 2171 1631 2209 nomine

170 2231 352 2279 perpetue
388 2227 527 2266 vicarie
564 2230 690 2265 totum
735 2226 959 2275 altaragium
1000 2227 1125 2274 preter
1161 2237 1279 2262 unam
1315 2238 1479 2263 marcam
1517 2225 1630 2263 dictis

172 2282 377 2321 Canonicis
389 2281 436 2319 de
448 2281 581 2318 eodem
596 2280 777 2328 altaragio
791 2280 835 2317 in
848 2280 964 2317 tercia
978 2279 1156 2328 porcione
1171 2279 1438 2328 assignandam
1453 2282 1491 2317 61
1504 2282 1632 2328 preter

172 2336 359 2375 decimam
390 2335 535 2385 proprii
561 2334 854 2372 instauramenti
883 2333 1189 2372 Canonicorum:
1221 2336 1259 2370 et
1278 2332 1436 2370 habebit
1454 2345 1631 2371 mansum

172 2393 391 2440 competens
410 2392 449 2427 et
467 2401 584 2427 unam
612 2401 737 2426 acram
763 2390 861 2425 terre
887 2387 930 2425 in
957 2399 1035 2424 uno
1063 2399 1196 2436 campo
1215 2388 1254 2424 et
1271 2387 1384 2425 aliam
1404 2387 1446 2424 in
1465 2387 1539 2424 alio
1553 2400 1565 2435 3
1592 2389 1631 2425 et

172 2443 295 2483 solvet
306 2442 501 2482 sinodalia.
542 2442 729 2481 Canonici
742 2454 832 2480 vero
845 2441 1104 2492 procurabunt
1117 2439 1332 2490 hospicium
1344 2440 1628 2479 Archidiaconi.

251 2576 430 2611 νΡΤοΝ,
468 2566 621 2605 Vicaria
648 2566 690 2604 in
718 2565 873 2604 ecclesia
900 2564 948 2603 (16
975 2564 1123 2615 thon,
1152 2577 1227 2614 que
1253 2567 1309 2603 est
1328 2564 1554 2603 monialium
1581 2564 1629 2602 de

172 2621 381 2672 Heninges,
402 2621 626 2659 auctoritate
658 2620 810 2658 concilii
841 2620 895 2657 sic
927 2622 985 2657 est
1017 2619 1201 2657 ordinata.
1259 2619 1437 2657 Vicarius
1470 2618 1628 2656 habebit

170 2675 327 2714 nomine
344 2678 525 2725 perpetue
552 2674 691 2713 vicarie
718 2677 845 2712 totum
872 2673 1096 2722 altaragium
1124 2685 1211 2711 cum
1229 2685 1361 2711 manso
1382 2672 1628 2722 competenti,

171 2728 355 2768 solvendo
391 2729 482 2766 inde
519 2728 633 2766 dictis
668 2728 900 2765 monialibus
933 2740 988 2764 xx
1020 2726 1162 2764 solidos
1195 2739 1353 2774 annuos,
1390 2730 1428 2764 et
1460 2729 1630 2776 preterea

172 2783 355 2821 solvendo
383 2782 579 2821 sinodalia.
638 2782 827 2820 Moniales
854 2794 944 2820 vero
972 2781 1230 2831 procurabunt
1252 2780 1468 2831 hospicium
1497 2780 1630 2818 Archi-

171 2836 331 2875 diaconi.
