1844 3178
186 329 239 370 24
701 333 839 372 LIBER
867 339 928 372 AN
935 339 1101 379 TIQUUS

185 443 312 490 preter
328 439 454 476 linum
473 442 511 476 et
529 437 653 476 solvet
679 437 844 475 vicarius
870 437 1103 475 monialibus
1130 436 1215 486 xiiij
1237 436 1378 475 solidos
1397 450 1471 487 que
1489 437 1645 487 quidem

185 493 388 555 invenient
406 493 442 554 ei
469 504 644 530 mansum
672 494 953 552 competentem
975 492 1091 541 juxta
1119 491 1314 551 ecclesiam
1334 493 1372 528 et
1393 492 1440 529 de
1467 491 1647 529 omnibus

1413 545 1466 553 0..-

185 601 330 639 Totalis
349 600 505 639 ecclesia
523 600 577 648 xij
599 599 722 637 marc’.

269 717 576 752 ΒοκΕεοΕΝΕ,
613 705 766 744 Vicaria
783 705 826 743 in
854 706 1009 744 60016616
1037 706 1084 744 (16
1112 705 1317 743 Bokesden
1343 719 1418 755 que
1437 709 1494 744 est
1513 720 1650 745 canon-

186 764 332 801 icorum
351 762 399 799 de
417 760 647 798 Kaudewell
665 760 864 797 exdudum
883 760 1058 798 ordinata
1077 760 1253 798 consistit
1266 760 1308 797 in
1328 761 1507 799 omnibus
1524 765 1650 810 preter

185 817 320 867 garbas
341 815 390 853 ad
408 815 550 853 dictam
579 813 775 852 ecclesiam
802 814 1065 864 spectantibus
1093 827 1180 851 cum
1202 826 1334 852 manso
1353 814 1519 864 quodam
1532 816 1650 865 juxta

188 870 394 909 ecclesiam.

271 986 538 1021 ΒΕΒΕΡΟΒΒ,
575 975 730 1014 Vicaria
756 976 799 1014 in
826 975 982 1014 ecclesia
1009 975 1057 1013 de
1084 975 1266 1013 Bereford
1284 988 1359 1025 que
1382 979 1439 1014 est
1457 977 1593 1026 prioris
1612 980 1651 1015 et

189 1032 456 1070 canonicorum
476 1030 523 1068 de
543 1030 582 1068 N
585 1030 781 1068 ewenham
800 1030 1025 1068 auctoritate
1051 1029 1203 1067 concilii
1222 1030 1396 1067 ordinata
1415 1031 1589 1068 consistit
1607 1031 1650 1068 in

188 1089 269 1124 toto
289 1085 469 1133 altaragio
498 1087 536 1121 et
563 1084 606 1121 in
633 1084 790 1122 decimis
818 1083 1125 1121 molendinorum
1155 1087 1193 1121 61
1219 1083 1263 1121 111
1291 1084 1469 1121 omnibus
1488 1085 1650 1122 minutis

189 1139 346 1178 decimis
364 1141 490 1188 preter
507 1137 636 1175 lanam
663 1141 702 1176 et
729 1150 845 1187 agnos
874 1150 961 1175 cum
988 1151 1119 1175 manso
1148 1140 1389 1187 competente
1408 1138 1443 1175 ei
1460 1139 1651 1187 assignato

188 1194 305 1232 salvis
327 1193 441 1230 dictis
467 1192 586 1242 priori
613 1195 652 1229 et
689 1191 898 1229 conventui
937 1191 1086 1229 duabus
1115 1192 1249 1229 marcis
1276 1192 1415 1229 annuis
1443 1192 1491 1230 de
1518 1192 1650 1230 eadem

186 1248 328 1286 vicaria
346 1246 601 1297 percipiendis
620 1246 688 1295 qui
716 1245 873 1295 quidem
902 1246 1030 1283 omnia
1049 1258 1163 1283 onera
1181 1246 1286 1283 illius
1306 1245 1461 1284 ecclesie
1489 1247 1651 1284 sustine-

188 1303 299 1340 bunt.
356 1301 408 1339 Et
427 1301 530 1339 valet
549 1300 691 1338 vicaria
708 1300 779 1338 viii
797 1300 908 1337 marc'
928 1300 1033 1337 total'
1054 1299 1210 1337 ecclesia
1227 1297 1318 1337 xxti.

269 1418 506 1452 ΒΕΝΗΑι-Ε,
544 1408 699 1446 Vicaria
725 1408 768 1445 111
795 1407 952 1446 60016616
979 1407 1027 1445 (16
1055 1406 1230 1445 Renhale
1257 1420 1332 1458 que
1360 1410 1417 1445 est
1444 1408 1652 1446 eorundem

188 1463 363 1502 ordinata
390 1466 435 1500 ut
462 1475 576 1513 supra
604 1462 780 1500 consistit
807 1462 850 1499 in
886 1465 969 1500 toto
996 1461 1177 1511 altaragio
1207 1464 1245 1499 et
1282 1461 1462 1500 omnibus
1489 1463 1651 1501 minutis

186 1517 345 1556 decimis
372 1520 498 1567 preter
525 1529 642 1567 agnos
670 1529 758 1554 cum
785 1529 918 1554 manso
947 1519 1215 1566 competente:
1243 1515 1338 1554 (11011
1366 1528 1455 1554 vero
1483 1517 1585 1566 prior
1612 1519 1651 1554 et

186 1574 399 1610 conventus
419 1571 548 1609 omnia
568 1583 683 1609 onera
710 1573 755 1608 ut
783 1583 907 1620 supra.
965 1570 1017 1608 Et
1039 1570 1142 1608 valet
1154 1569 1297 1608 vicaria
1316 1583 1343 1608 v
1361 1569 1486 1609 marc.’
1506 1570 1652 1609 Totalis

186 1626 341 1664 ecclesia
360 1639 396 1663 x.

268 1739 573 1774 RAVENSDEN.
611 1732 766 1770 Vicaria
810 1733 853 1770 111
901 1731 1058 1770 60016616
1103 1731 1151 1769 (16
1196 1731 1428 1770 Ravensden
1473 1745 1548 1782 que
1590 1733 1652 1771 ‘est

185 1787 393 1825 eorundem
413 1787 588 1824 ordinata
602 1790 646 1824 ut
665 1799 779 1836 supra
797 1787 975 1824 consistit
992 1786 1035 1823 in
1053 1789 1135 1824 1010
1154 1786 1336 1836 altaragio
1356 1790 1394 1824 et
1422 1786 1465 1824 in
1492 1787 1651 1824 decimis

185 1841 503 1891 provenientibus
540 1840 587 1877 de
624 1843 706 1878 tota
742 1844 840 1878 terra
877 1840 997 1878 Alani
1035 1840 1083 1877 de
1112 1840 1276 1878 Orewell
1303 1843 1341 1878 et
1369 1840 1417 1878 de
1444 1843 1526 1878 tota
1553 1844 1652 1879 terra

185 1895 393 1933 Willielmi
425 1894 599 1944 Engaine
632 1895 675 1932 in
708 1894 839 1932 eadem
872 1894 966 1932 villa
999 1897 1036 1931 et
1068 1895 1111 1932 in
1138 1907 1166 1931 x
1193 1894 1325 1932 solidis
1354 1894 1402 1932 de
1428 1895 1652 1933 tenentibus

186 1950 341 1988 ecclesie
359 1952 403 1987 ut
422 1949 465 1986 in
484 1948 642 1997 antiquo
661 1948 786 1986 rotulo
816 1948 859 1985 in
877 1948 1056 1998 parochia
1083 1948 1131 1985 de
1159 1948 1400 1986 Ravensden.
1457 1948 1510 1986 Et
1529 1949 1653 1987 solvet

186 2004 351 2042 vicarius
366 2006 519 2040 tantum
539 2002 727 2040 sinodalia
745 2002 848 2052 prior
874 2015 965 2040 vero
994 2005 1033 2040 et
1061 2005 1275 2040 conventus
1297 2003 1426 2040 omnia
1444 2003 1519 2040 alia
1538 2016 1651 2041 onera

188 2057 435 2095 sustinebunt
454 2060 492 2094 et
514 2057 736 2105 injunctum
767 2056 845 2094 fuit
876 2056 1159 2094 Arohidiacono
1191 2056 1234 2094 in
1261 2056 1510 2095 institucione
1537 2057 1651 2095 Abel'

188 2111 322 2150 vicarii
341 2111 445 2161 quod
465 2111 498 2148 si
517 2110 619 2148 dicta
638 2110 779 2148 vicaria
798 2122 878 2148 non
896 2110 1041 2148 valeret
1060 2123 1086 2149 v
1100 2111 1213 2148 marc'
1228 2110 1282 2148 610
1297 2111 1472 2148 ordinata
1486 2111 1652 2149 adiceret

187 2166 222 2203 ei
242 2166 290 2203 de
308 2166 419 2203 bonis
439 2164 593 2203 ecclesie
614 2167 765 2202 tantum
784 2164 887 2215 quod
906 2164 994 2203 talis
1013 2164 1154 2203 valoris
1173 2168 1272 2203 esset
1290 2165 1501 2203 annuatim.

269 2279 468 2313 ΟΑ18ΗΟ.
505 2272 661 2310 Vicaria
687 2272 730 2310 in
757 2272 914 2310 60016616
941 2271 989 2310 (16
1016 2271 1158 2310 Κ61660
1177 2285 1252 2322 que
1271 2275 1329 2311 est
1347 2272 1573 2311 monialium
1601 2273 1650 2311 de

190 2326 433 2367 Chikessand
464 2326 641 2364 consistit
673 2327 717 2364 in
748 2329 831 2364 toto
863 2326 1045 2376 altaragio
1077 2329 1204 2376 preter
1234 2327 1360 2365 linum
1392 2340 1480 2365 cum
1516 2340 1648 2365 manso

189 2384 429 2431 competente
448 2381 573 2419 eidem
591 2380 820 2431 assignando
853 2383 892 2419 et
924 2380 1048 2419 solvet
1079 2381 1198 2430 priori
1228 2381 1429 2419 annuatim
1447 2381 1489 2419 xl
1508 2381 1650 2420 solidos

188 2436 257 2486 qui
271 2436 319 2474 de
334 2434 513 2473 omnibus
526 2435 774 2485 respondebit
788 2438 827 2473 et
840 2435 944 2474 valet
954 2434 1096 2474 vicaria
1107 2447 1133 2474 v
1144 2435 1256 2474 marc'
1267 2436 1398 2474 totalis
1411 2435 1567 2474 60016616
1581 2448 1646 2475 xv.

270 2549 582 2584 5ΤΑΟΗΕΟΕΝ.
620 2542 775 2581 Vicaria
795 2543 838 2581 in
865 2543 1021 2581 60016616
1039 2542 1087 2581 (16
1107 2542 1326 2582 Stacheden
1344 2556 1419 2594 que
1438 2546 1496 2582 est
1513 2543 1650 2593 prioris

189 2600 228 2636 et
247 2600 461 2636 conventus
480 2596 528 2634 de
548 2596 786 2635 Newenham
805 2597 1030 2635 auctoritate
1049 2597 1203 2635 concilii
1220 2597 1397 2636 ordinata
1413 2598 1590 2636 consistit
1607 2597 1650 2635 in

190 2655 272 2690 toto
291 2651 472 2700 altaragio
492 2654 530 2688 et
548 2651 591 2688 in
610 2664 687 2689 una
718 2651 866 2701 virgata
897 2654 995 2689 terre
1026 2651 1145 2689 libere
1178 2664 1265 2689 cum
1294 2652 1473 2690 omnibus
1492 2651 1650 2690 decimis

189 2706 271 2744 feni
303 2709 342 2743 et
373 2706 459 2743 aliis
487 2705 630 2743 dictam
657 2705 854 2743 ecclesiam
883 2705 1197 2755 contingentibus
1225 2709 1352 2756 preter
1379 2706 1513 2756 garbas
1543 2709 1581 2743 et
1607 2706 1651 2743 in

190 2772 323 2798 manso
351 2763 591 2809 competente
618 2772 687 2808 pro
715 2772 791 2808 quo
827 2759 962 2798 reddet
989 2760 1181 2797 canonicis
1208 2773 1236 2798 v
1262 2760 1404 2798 solidos
1441 2760 1531 2809 quia
1569 2772 1650 2797 non

189 2817 246 2851 est
266 2814 314 2851 de
334 2814 490 2852 ecclesia
509 2816 546 2851 et
565 2813 738 2851 canonici
756 2814 1005 2852 sustinebunt
1033 2814 1161 2852 omnia
1189 2827 1303 2852 onera
1331 2818 1370 2852 et
1390 2814 1492 2853 valet
1511 2813 1650 2852 vicaria

190 2865 340 2920 [blank]
361 2868 471 2906 marc’
487 2868 618 2905 totalis
636 2867 792 2906 ecclesia
809 2880 836 2905 x
854 2867 977 2906 marc'.
