1844 3178
200 346 225 384 8
713 356 850 389 LIBER
881 356 1114 396 ANTIQUUS

281 459 647 494 FFRECHEWELL.
684 452 840 492 Vicaria
874 454 919 492 in
950 453 1107 492 ecclesia
1142 453 1190 491 de
1227 453 1460 493 Frechewell
1495 467 1570 505 que
1606 456 1666 493 661

199 507 344 546 Prioris
372 510 411 545 61
446 507 671 545 Conventus
700 506 839 545 Sancte
867 507 1098 546 Fredeswid’
1127 507 1253 545 Oxon'
1280 511 1492 547 auctortate
1511 508 1666 547 concilii

199 561 374 599 ordinata
409 560 586 599 consistit
630 561 673 597 in
709 561 889 599 omnibus
925 561 1227 600 obvencionibus
1263 561 1393 600 altaris
1430 565 1468 600 et
1503 563 1665 600 minutis

198 615 355 653 decimis
382 615 503 653 totius
531 614 708 664 parochie
736 617 775 652 et
801 615 844 652 in
867 615 1024 654 decimis
1042 615 1148 653 bladi
1167 618 1206 653 et
1224 614 1304 652 feni
1323 618 1361 653 et
1380 616 1558 654 omnibus
1578 616 1665 654 aliis

198 669 357 707 decimis
375 668 690 719 provenientibus
718 668 766 706 de
793 669 917 707 tribus
944 669 1103 719 virgatis
1128 669 1255 707 16116
1244 681 1287 706 111
1306 669 1440 708 eadem
1457 670 1551 708 villa
1570 683 1665 720 quas

197 723 385 761 Ricardus
403 723 507 760 filius
526 722 681 760 Radulfi
699 725 816 760 tenet.
872 723 953 761 Et
943 736 986 760 111
1003 735 1082 760 11110
1101 723 1222 761 crofto
1242 736 1329 761 cum
1352 724 1562 774 messuagio
1582 724 1665 761 sine

197 780 307 827 prato
334 780 465 815 tamen
492 776 700 825 adjacente.
757 776 810 814 Et
832 777 936 815 valet
962 776 1103 815 vicaria
1129 790 1156 816 v
1183 778 1306 816 marc'.
1362 778 1509 816 Totalis
1535 780 1664 816 autem

197 831 353 869 ecclesia
370 844 398 869 x
415 830 527 868 marc’
547 833 586 868 et
604 829 746 869 sufficit
759 843 861 869 unus
879 831 1107 882 capellanus.

277 945 423 980 STOK.
460 937 613 976 Vicaria
639 938 683 975 in
709 938 866 976 ecclesia
893 938 942 976 de
970 938 1083 985 Stok,
1111 937 1277 976 Abbatis
1304 941 1343 976 61
1371 937 1597 977 Conventus
1617 938 1664 976 de

195 992 235 1030 N
237 993 395 1042 oteleya,
434 992 639 1030 consistere
675 995 803 1041 potest
832 993 876 1030 in
912 992 1094 1042 altaragio
1122 1005 1209 1030 cum
1247 992 1410 1030 minutis
1438 992 1597 1030 decimis
1625 995 1664 1030 61

197 1047 359 1084 dimidia
376 1046 470 1084 hida
487 1049 585 1084 terre
604 1048 643 1083 61
670 1058 748 1084 uno
767 1058 900 1084 manso
919 1049 957 1084 61
981 1046 1024 1084 111
1051 1046 1210 1084 decimis
1236 1046 1275 1095 vj
1306 1045 1540 1096 virgatarum
1566 1049 1664 1084 terre

196 1101 301 1150 apud
318 1099 503 1139 Fancoth.
562 1099 614 1138 Et
641 1100 745 1139 valet
772 1100 914 1139 vicaria
940 1113 966 1139 v
993 1101 1116 1139 marc’.
1173 1099 1320 1139 Totalis
1351 1103 1482 1139 autem
1508 1100 1665 1139 ecclesia

197 1155 293 1204 xviij
315 1153 438 1192 marc'.

276 1268 596 1304 STAUMFORD.
627 1261 783 1299 'Vicaria
809 1262 853 1299 in
889 1261 1046 1300 ecclesia
1073 1261 1122 1300 de
1155 1261 1359 1301 Saumford
1390 1260 1476 1312 (sic)
1505 1275 1579 1312 que
1607 1264 1665 1301 661

196 1315 381 1354 Priorisse
409 1319 447 1354 61
466 1315 699 1354 Monialium
718 1316 766 1354 de
785 1315 1009 1354 Lithemora
1056 1346 1064 1353 .
1121 1345 1130 1354 .
1189 1346 1198 1355 .
1259 1345 1268 1354 .
1319 1313 1479 1369 [blank]

279 1431 545 1465 ΚΟυΕΙ-ΕΥΑ.
582 1424 736 1462 Vicaria
763 1424 806 1461 in
833 1423 991 1462 ecclesia
1020 1423 1068 1461 de
1087 1423 1290 1474 Koueleya
1316 1436 1392 1474 que
1420 1426 1479 1462 est
1497 1423 1664 1462 Abbatis

196 1482 235 1516 et
255 1478 480 1517 Conventus
501 1477 593 1516 Osn'
612 1478 838 1516 auctoritate
866 1477 1020 1516 concilii
1048 1477 1223 1517 ordinata
1251 1478 1428 1517 consistit
1447 1490 1515 1528 per
1535 1478 1664 1516 omnia

195 1535 239 1570 ut
258 1545 373 1582 supra
391 1533 525 1570 eodem
543 1532 870 1570 Archidiaconatu
889 1532 932 1570 in
951 1532 1151 1582 principio.

275 1646 530 1680 ᾺΙΑΤῬΙΒΙΕ.
567 1640 721 1678 Vicaria
738 1640 782 1677 in
809 1640 966 1678 ecclesia
993 1640 1041 1677 de
1062 1639 1293 1690 Waterpirie
1319 1652 1395 1690 que
1420 1643 1479 1678 est
1497 1639 1664 1677 Abbatis

196 1696 235 1731 et
263 1694 488 1734 Conventus
517 1693 608 1732 Osn’
628 1694 854 1732 auctoritate
882 1693 1035 1732 concilii
1072 1694 1249 1732 ordinata
1283 1694 1460 1732 consistit
1487 1693 1665 1732 similiter

195 1760 264 1797 per
284 1747 413 1786 omnia
431 1751 476 1786 ut
495 1761 609 1798 supra
628 1748 761 1786 eodem
779 1747 1106 1786 Archidiaconatu
1130 1748 1174 1785 in
1192 1748 1393 1798 principio.

280 1862 612 1901 ΡΡΟΒΒΤΗυιι,
650 1855 803 1893 Vicaria
814 1856 856 1893 in
867 1855 1023 1893 ecclesia
1035 1856 1082 1893 de
1094 1855 1288 1893 fforsthull
1300 1868 1375 1905 que
1387 1857 1444 1893 est
1455 1855 1664 1893 eorundem

197 1909 363 1948 Abbatis
382 1912 421 1947 et
440 1908 665 1948 Conventus
683 1909 774 1948 Osn'
790 1910 1016 1948 auctoritate
1035 1910 1188 1948 concilii
1207 1910 1383 1949 ordinata
1402 1910 1578 1948 consistit
1596 1922 1664 1959 per

197 1964 326 2001 omnia
344 1966 389 2001 ut
407 1976 522 2013 supra
541 1963 673 2001 eodem
696 1963 1020 2002 Archidiaconatu
1039 1964 1082 2002 in
1099 1963 1301 2014 principio.

279 2077 542 2112 ELSEFEUD.
579 2070 735 2109 Vicaria
754 2071 797 2109 in
825 2071 981 2110 ecclesia
1008 2071 1056 2110 de
1075 2071 1259 2110 Elsefeud
1286 2084 1361 2121 que
1386 2073 1444 2109 est
1463 2070 1607 2109 Prioris
1625 2073 1664 2109 61

198 2124 424 2164 Conventus
452 2125 593 2163 Sancte
620 2125 864 2163 Fredeswide
899 2126 1023 2164 Oxon'
1052 2125 1276 2163 auctoritate
1306 2125 1459 2163 concilii
1488 2125 1664 2162 ordinata

196 2178 371 2216 consistit
403 2179 445 2216 in
479 2179 658 2216 omnibus
691 2179 995 2217 obvencionibus
1028 2179 1157 2217 altaris
1191 2192 1280 2217 cum
1310 2179 1473 2217 minutis
1503 2178 1662 2217 decimis

196 2233 319 2270 totius
341 2233 519 2281 parochie
548 2237 586 2270 et
613 2233 656 2270 in
683 2233 841 2271 decimis
868 2233 975 2271 bladi
1007 2236 1045 2271 61
1071 2234 1154 2271 feni
1181 2233 1499 2283 provenientibus
1517 2233 1663 2271 scilicet

196 2298 290 2335 quas
309 2286 543 2324 Humfridus
571 2290 610 2325 et
631 2287 866 2326 Willielmus
885 2287 1012 2325 Finch
1039 2290 1248 2325 tenuerunt
1275 2287 1317 2325 in
1346 2287 1479 2325 eadem
1506 2286 1601 2325 villa
1623 2289 1662 2325 et

195 2340 239 2377 in
258 2353 336 2378 una
353 2353 438 2378 acra
456 2343 554 2378 terre
572 2340 726 2379 arabilis
745 2342 870 2379 eidem
889 2341 1030 2379 vicarie
1057 2354 1124 2391 per
1142 2341 1306 2390 priorem
1324 2341 1556 2390 assignanda
1573 2353 1661 2378 cum

197 2394 376 2432 domibus
395 2398 433 2432 et
448 2394 608 2432 edificiis
622 2395 692 2433 ubi
711 2396 928 2445 capellanus
947 2395 1148 2433 consuevit
1162 2395 1335 2434 habitare
1350 2398 1388 2433 et
1402 2395 1506 2434 valet
1520 2395 1661 2433 vicaria

195 2460 222 2486 v
240 2449 364 2487 marc’.
421 2448 566 2486 Totalis
585 2452 713 2486 autem
733 2449 889 2487 ecclesia
907 2449 977 2499 viij
998 2449 1121 2487 marc’.

278 2561 565 2596 HEDENDON.
599 2556 754 2595 Vicaria
771 2557 814 2594 in
832 2557 988 2595 ecclesia
1007 2557 1055 2595 de
1069 2556 1290 2595 Hedendon
1308 2569 1383 2607 que
1397 2558 1456 2594 est
1470 2556 1659 2594 dictorum

196 2609 340 2647 Prioris
372 2613 411 2648 et
440 2610 665 2649 Conventus
703 2611 742 2650 S.
773 2611 1016 2649 Fredeswide
1047 2611 1272 2650 auctoritate
1305 2611 1458 2649 concilii
1485 2609 1660 2648 ordinata

196 2663 371 2701 consistit
402 2664 445 2701 in
478 2664 657 2702 omnibus
690 2665 992 2703 obvencionibus
1024 2665 1154 2703 altaris
1187 2678 1274 2703 cum
1306 2665 1468 2702 minutis
1500 2664 1658 2701 decimis

195 2718 315 2755 totius
334 2717 511 2767 parochie
531 2719 701 2767 exceptis
721 2718 877 2757 decimis
902 2731 1088 2768 agnorum
1115 2723 1153 2757 et
1181 2719 1338 2757 decimis
1358 2719 1456 2757 casei
1475 2717 1523 2755 de
1542 2717 1658 2756 Curia

196 2771 344 2809 domini
380 2772 697 2821 provenientibus
734 2786 828 2822 quas
864 2773 975 2811 Prior
1010 2776 1049 2810 61
1087 2772 1274 2811 Canonici
1310 2773 1386 2810 sibi
1420 2771 1654 2810 retinebunt.

197 2825 368 2863 Habebit
405 2828 530 2863 autem
569 2826 734 2863 vicarius
771 2827 904 2865 domos
940 2830 979 2864 et
1015 2827 1159 2865 curiam
1191 2827 1233 2865 in
1267 2827 1408 2876 quibus
1438 2825 1657 2875 capellanus

195 2891 348 2917 manere
380 2879 589 2917 consuevit.
647 2880 698 2917 Et
729 2880 832 2918 valet
863 2881 1004 2920 vicaria
1035 2893 1061 2919 v
1094 2880 1206 2919 marc'
1234 2884 1273 2919 61
1301 2880 1478 2930 amplius.
1535 2879 1657 2917 Total'

194 2937 322 2971 autem
342 2933 500 2971 ecclesia
516 2933 658 2983 viginti
676 2934 800 2973 marc'.
