<?xml version="1.0" encoding="UTF-8"?>
<!DOCTYPE html PUBLIC "-//W3C//DTD XHTML 1.0 Transitional//EN"
    "http://www.w3.org/TR/xhtml1/DTD/xhtml1-transitional.dtd">
<html xmlns="http://www.w3.org/1999/xhtml" xml:lang="en" lang="en">
 <head>
  <title>
</title>
<meta http-equiv="Content-Type" content="text/html;charset=utf-8" />
  <meta name='ocr-system' content='tesseract 3.04.00' />
  <meta name='ocr-capabilities' content='ocr_page ocr_carea ocr_par ocr_line ocrx_word'/>
</head>
<body>
  <div class='ocr_page' id='page_1' title='image "./liberantiquusdeo00linc_0033.png"; bbox 0 0 1844 3178; ppageno 0'>
   <div class='ocr_carea' id='block_1_1' title="bbox 652 312 1595 355">
    <p class='ocr_par' dir='ltr' id='par_1_1' title="bbox 652 312 1595 355">
     <span class='ocr_line' id='line_1_1' title="bbox 652 312 1595 355; baseline -0.001 -2"><span class='ocrx_word' id='word_1_1' title='bbox 652 320 856 354; x_wconf 85' lang='lat' dir='ltr'><strong>HUGONIS</strong></span> <span class='ocrx_word' id='word_1_2' title='bbox 894 320 1058 355; x_wconf 82' lang='lat' dir='ltr'>WELLs.</span> <span class='ocrx_word' id='word_1_3' title='bbox 1544 312 1595 352; x_wconf 84' lang='grc'>19</span> 
     </span>
    </p>
   </div>
   <div class='ocr_carea' id='block_1_2' title="bbox 770 415 952 471">
    <p class='ocr_par' dir='ltr' id='par_1_2' title="bbox 770 415 952 471">
     <span class='ocr_line' id='line_1_2' title="bbox 770 415 952 471; baseline 0.005 -16"><span class='ocrx_word' id='word_1_4' title='bbox 770 415 854 470; x_wconf 74' lang='lat' dir='ltr'><strong><em>[Fo.</em></strong></span> <span class='ocrx_word' id='word_1_5' title='bbox 878 416 952 471; x_wconf 64' lang='lat'>62}</span> 
     </span>
    </p>
   </div>
   <div class='ocr_carea' id='block_1_3' title="bbox 135 488 1596 701">
    <p class='ocr_par' dir='ltr' id='par_1_3' title="bbox 135 488 1596 701">
     <span class='ocr_line' id='line_1_3' title="bbox 218 488 1596 538; baseline 0.004 -13"><span class='ocrx_word' id='word_1_6' title='bbox 218 497 403 532; x_wconf 70' lang='grc' dir='ltr'><strong>ννΕΝΕΕ,</strong></span> <span class='ocrx_word' id='word_1_7' title='bbox 440 489 594 527; x_wconf 87' lang='lat' dir='ltr'>Vicaria</span> <span class='ocrx_word' id='word_1_8' title='bbox 631 489 673 526; x_wconf 90' lang='lat' dir='ltr'>in</span> <span class='ocrx_word' id='word_1_9' title='bbox 711 488 866 526; x_wconf 90' lang='lat' dir='ltr'>ecclesia</span> <span class='ocrx_word' id='word_1_10' title='bbox 904 489 952 526; x_wconf 93' lang='lat' dir='ltr'>de</span> <span class='ocrx_word' id='word_1_11' title='bbox 990 488 1139 538; x_wconf 89' lang='lat' dir='ltr'>Wenge</span> <span class='ocrx_word' id='word_1_12' title='bbox 1163 501 1242 538; x_wconf 71' lang='lat' dir='ltr'>,que</span> <span class='ocrx_word' id='word_1_13' title='bbox 1280 492 1338 527; x_wconf 89' lang='lat' dir='ltr'>est</span> <span class='ocrx_word' id='word_1_14' title='bbox 1373 489 1524 529; x_wconf 89' lang='lat' dir='ltr'>abbatis</span> <span class='ocrx_word' id='word_1_15' title='bbox 1557 496 1596 531; x_wconf 84' lang='lat' dir='ltr'>et</span> 
     </span>
     <span class='ocr_line' id='line_1_4' title="bbox 137 542 1595 591; baseline 0.003 -12"><span class='ocrx_word' id='word_1_16' title='bbox 137 545 348 580; x_wconf 87' lang='lat' dir='ltr'>conventus</span> <span class='ocrx_word' id='word_1_17' title='bbox 369 542 407 581; x_wconf 83' lang='lat' dir='ltr'>S.</span> <span class='ocrx_word' id='word_1_18' title='bbox 429 542 611 581; x_wconf 89' lang='lat' dir='ltr'>Nicholai</span> <span class='ocrx_word' id='word_1_19' title='bbox 638 543 686 580; x_wconf 90' lang='lat' dir='ltr'>de</span> <span class='ocrx_word' id='word_1_20' title='bbox 712 542 904 591; x_wconf 89' lang='lat' dir='ltr'>Aungiers</span> <span class='ocrx_word' id='word_1_21' title='bbox 932 543 1128 580; x_wconf 85' lang='lat' dir='ltr'>exdudum</span> <span class='ocrx_word' id='word_1_22' title='bbox 1156 543 1331 581; x_wconf 88' lang='lat' dir='ltr'>ordinata</span> <span class='ocrx_word' id='word_1_23' title='bbox 1358 544 1533 583; x_wconf 76' lang='lat' dir='ltr'><strong>consistit</strong></span> <span class='ocrx_word' id='word_1_24' title='bbox 1552 546 1595 584; x_wconf 90' lang='lat' dir='ltr'>in</span> 
     </span>
     <span class='ocr_line' id='line_1_5' title="bbox 135 596 1594 648; baseline 0.002 -15"><span class='ocrx_word' id='word_1_25' title='bbox 135 596 251 633; x_wconf 88' lang='lat' dir='ltr'>tercia</span> <span class='ocrx_word' id='word_1_26' title='bbox 269 599 374 645; x_wconf 91' lang='lat' dir='ltr'>parte</span> <span class='ocrx_word' id='word_1_27' title='bbox 393 597 565 634; x_wconf 90' lang='lat' dir='ltr'>omnium</span> <span class='ocrx_word' id='word_1_28' title='bbox 593 596 905 646; x_wconf 89' lang='lat' dir='ltr'>proveniencium</span> <span class='ocrx_word' id='word_1_29' title='bbox 932 596 1006 646; x_wconf 89' lang='lat' dir='ltr'>ipsi</span> <span class='ocrx_word' id='word_1_30' title='bbox 1029 597 1183 634; x_wconf 83' lang='lat' dir='ltr'>ecclesie</span> <span class='ocrx_word' id='word_1_31' title='bbox 1201 597 1402 646; x_wconf 88' lang='lat' dir='ltr'>garbarum</span> <span class='ocrx_word' id='word_1_32' title='bbox 1420 598 1594 648; x_wconf 82' lang='lat' dir='ltr'>altaragii</span> 
     </span>
     <span class='ocr_line' id='line_1_6' title="bbox 136 649 1592 701; baseline 0.002 -14"><span class='ocrx_word' id='word_1_33' title='bbox 136 651 319 687; x_wconf 87' lang='lat' dir='ltr'>terrarum</span> <span class='ocrx_word' id='word_1_34' title='bbox 338 657 376 688; x_wconf 91' lang='lat' dir='ltr'>et</span> <span class='ocrx_word' id='word_1_35' title='bbox 393 650 618 700; x_wconf 75' lang='lat' dir='ltr'>generaliter</span> <span class='ocrx_word' id='word_1_36' title='bbox 637 651 808 688; x_wconf 91' lang='lat' dir='ltr'>omnium</span> <span class='ocrx_word' id='word_1_37' title='bbox 827 650 876 687; x_wconf 90' lang='lat' dir='ltr'>ad</span> <span class='ocrx_word' id='word_1_38' title='bbox 895 649 1037 688; x_wconf 87' lang='lat' dir='ltr'>dictam</span> <span class='ocrx_word' id='word_1_39' title='bbox 1056 651 1251 688; x_wconf 90' lang='lat' dir='ltr'>ecclesiam</span> <span class='ocrx_word' id='word_1_40' title='bbox 1271 651 1592 701; x_wconf 71' lang='lat' dir='ltr'>pertinencium*</span> 
     </span>
    </p>
   </div>
   <div class='ocr_carea' id='block_1_4' title="bbox 446 719 1291 752">
    <p class='ocr_par' dir='ltr' id='par_1_4' title="bbox 446 719 1291 752">
     <span class='ocr_line' id='line_1_7' title="bbox 446 719 1291 752; baseline 0.001 -7"><span class='ocrx_word' id='word_1_41' title='bbox 446 721 463 738; x_wconf 49' lang='grc' dir='ltr'><strong><em>ἕ</em></strong></span> <span class='ocrx_word' id='word_1_42' title='bbox 480 720 570 746; x_wconf 83' lang='lat' dir='ltr'>There</span> <span class='ocrx_word' id='word_1_43' title='bbox 580 720 606 746; x_wconf 85' lang='lat' dir='ltr'>is</span> <span class='ocrx_word' id='word_1_44' title='bbox 617 727 653 746; x_wconf 81' lang='lat' dir='ltr'>an</span> <span class='ocrx_word' id='word_1_45' title='bbox 665 720 767 746; x_wconf 81' lang='lat' dir='ltr'>almost</span> <span class='ocrx_word' id='word_1_46' title='bbox 778 719 901 751; x_wconf 84' lang='lat' dir='ltr'>illegible</span> <span class='ocrx_word' id='word_1_47' title='bbox 911 720 977 745; x_wconf 84' lang='lat' dir='ltr'>note</span> <span class='ocrx_word' id='word_1_48' title='bbox 988 719 1019 745; x_wconf 90' lang='lat' dir='ltr'>in</span> <span class='ocrx_word' id='word_1_49' title='bbox 1030 719 1080 745; x_wconf 87' lang='lat' dir='ltr'>the</span> <span class='ocrx_word' id='word_1_50' title='bbox 1092 719 1205 752; x_wconf 83' lang='lat' dir='ltr'>margin</span> <span class='ocrx_word' id='word_1_51' title='bbox 1216 720 1291 746; x_wconf 87' lang='lat' dir='ltr'>here.</span> 
     </span>
    </p>
   </div>
   <div class='ocr_carea' id='block_1_5' title="bbox 134 807 1595 1287">
    <p class='ocr_par' dir='ltr' id='par_1_5' title="bbox 134 807 1595 1287">
     <span class='ocr_line' id='line_1_8' title="bbox 218 807 1595 859; baseline 0.003 -15"><span class='ocrx_word' id='word_1_52' title='bbox 218 816 602 852; x_wconf 70' lang='grc' dir='ltr'>ΜΕεεΕννοΒτι-ιε,</span> <span class='ocrx_word' id='word_1_53' title='bbox 638 808 793 845; x_wconf 85' lang='lat' dir='ltr'>Vicaria</span> <span class='ocrx_word' id='word_1_54' title='bbox 819 808 862 845; x_wconf 91' lang='lat' dir='ltr'>in</span> <span class='ocrx_word' id='word_1_55' title='bbox 889 807 1045 845; x_wconf 85' lang='lat' dir='ltr'>ecclesia</span> <span class='ocrx_word' id='word_1_56' title='bbox 1081 808 1129 846; x_wconf 91' lang='lat' dir='ltr'>de</span> <span class='ocrx_word' id='word_1_57' title='bbox 1166 808 1398 846; x_wconf 89' lang='lat' dir='ltr'>Messeword</span> <span class='ocrx_word' id='word_1_58' title='bbox 1434 822 1509 859; x_wconf 85' lang='lat' dir='ltr'>que</span> <span class='ocrx_word' id='word_1_59' title='bbox 1536 813 1595 848; x_wconf 83' lang='lat' dir='ltr'>est</span> 
     </span>
     <span class='ocr_line' id='line_1_9' title="bbox 134 861 1593 911; baseline 0.001 -12"><span class='ocrx_word' id='word_1_60' title='bbox 134 861 270 911; x_wconf 87' lang='lat' dir='ltr'>prioris</span> <span class='ocrx_word' id='word_1_61' title='bbox 302 865 341 899; x_wconf 89' lang='lat' dir='ltr'>et</span> <span class='ocrx_word' id='word_1_62' title='bbox 372 865 585 899; x_wconf 86' lang='lat' dir='ltr'>conventus</span> <span class='ocrx_word' id='word_1_63' title='bbox 615 861 661 899; x_wconf 91' lang='lat' dir='ltr'>de</span> <span class='ocrx_word' id='word_1_64' title='bbox 693 861 910 900; x_wconf 84' lang='lat' dir='ltr'>Kaldewell</span> <span class='ocrx_word' id='word_1_65' title='bbox 941 865 1028 911; x_wconf 90' lang='lat' dir='ltr'>post</span> <span class='ocrx_word' id='word_1_66' title='bbox 1061 862 1257 900; x_wconf 84' lang='lat' dir='ltr'>decessum</span> <span class='ocrx_word' id='word_1_67' title='bbox 1288 862 1352 901; x_wconf 88' lang='lat' dir='ltr'>vel</span> <span class='ocrx_word' id='word_1_68' title='bbox 1383 864 1593 902; x_wconf 81' lang='lat' dir='ltr'>cessionem</span> 
     </span>
     <span class='ocr_line' id='line_1_10' title="bbox 135 915 1594 967; baseline 0.002 -15"><span class='ocrx_word' id='word_1_69' title='bbox 135 915 312 964; x_wconf 75' lang='lat' dir='ltr'>Magistri</span> <span class='ocrx_word' id='word_1_70' title='bbox 329 915 486 953; x_wconf 84' lang='lat' dir='ltr'>Ricardi</span> <span class='ocrx_word' id='word_1_71' title='bbox 503 916 550 953; x_wconf 94' lang='lat' dir='ltr'>de</span> <span class='ocrx_word' id='word_1_72' title='bbox 569 915 800 965; x_wconf 84' lang='lat' dir='ltr'>Tingehurst</span> <span class='ocrx_word' id='word_1_73' title='bbox 819 915 867 953; x_wconf 88' lang='lat' dir='ltr'>de</span> <span class='ocrx_word' id='word_1_74' title='bbox 885 915 987 953; x_wconf 93' lang='lat' dir='ltr'>dono</span> <span class='ocrx_word' id='word_1_75' title='bbox 1006 915 1185 965; x_wconf 87' lang='lat' dir='ltr'>Hugonis</span> <span class='ocrx_word' id='word_1_76' title='bbox 1198 916 1357 954; x_wconf 91' lang='lat' dir='ltr'>secundi</span> <span class='ocrx_word' id='word_1_77' title='bbox 1376 920 1414 954; x_wconf 88' lang='lat' dir='ltr'>et</span> <span class='ocrx_word' id='word_1_78' title='bbox 1433 918 1594 967; x_wconf 87' lang='lat' dir='ltr'>capituli</span> 
     </span>
     <span class='ocr_line' id='line_1_11' title="bbox 134 969 1594 1019; baseline 0.002 -13"><span class='ocrx_word' id='word_1_79' title='bbox 134 981 202 1018; x_wconf 91' lang='lat' dir='ltr'>per</span> <span class='ocrx_word' id='word_1_80' title='bbox 238 969 403 1007; x_wconf 83' lang='lat' dir='ltr'>eundem</span> <span class='ocrx_word' id='word_1_81' title='bbox 438 969 612 1007; x_wconf 83' lang='lat' dir='ltr'>ordinata</span> <span class='ocrx_word' id='word_1_82' title='bbox 648 969 821 1007; x_wconf 89' lang='lat' dir='ltr'>consistit</span> <span class='ocrx_word' id='word_1_83' title='bbox 865 970 908 1007; x_wconf 91' lang='lat' dir='ltr'>in</span> <span class='ocrx_word' id='word_1_84' title='bbox 952 972 1034 1007; x_wconf 90' lang='lat' dir='ltr'>toto</span> <span class='ocrx_word' id='word_1_85' title='bbox 1079 969 1260 1019; x_wconf 83' lang='lat' dir='ltr'>altaragio</span> <span class='ocrx_word' id='word_1_86' title='bbox 1305 974 1344 1008; x_wconf 86' lang='lat' dir='ltr'>et</span> <span class='ocrx_word' id='word_1_87' title='bbox 1390 971 1433 1008; x_wconf 90' lang='lat' dir='ltr'>in</span> <span class='ocrx_word' id='word_1_88' title='bbox 1476 971 1594 1009; x_wconf 88' lang='lat' dir='ltr'>tercia</span> 
     </span>
     <span class='ocr_line' id='line_1_12' title="bbox 134 1023 1594 1073; baseline 0.001 -13"><span class='ocrx_word' id='word_1_89' title='bbox 134 1026 242 1072; x_wconf 88' lang='lat' dir='ltr'>parte</span> <span class='ocrx_word' id='word_1_90' title='bbox 260 1023 406 1061; x_wconf 89' lang='lat' dir='ltr'>decime</span> <span class='ocrx_word' id='word_1_91' title='bbox 424 1024 623 1073; x_wconf 86' lang='lat' dir='ltr'>garbarum</span> <span class='ocrx_word' id='word_1_92' title='bbox 643 1023 690 1061; x_wconf 88' lang='lat' dir='ltr'>de</span> <span class='ocrx_word' id='word_1_93' title='bbox 712 1023 904 1061; x_wconf 87' lang='lat' dir='ltr'>dominico</span> <span class='ocrx_word' id='word_1_94' title='bbox 932 1023 1107 1061; x_wconf 86' lang='lat' dir='ltr'>Torstani</span> <span class='ocrx_word' id='word_1_95' title='bbox 1126 1023 1259 1062; x_wconf 82' lang='lat' dir='ltr'>Basset</span> <span class='ocrx_word' id='word_1_96' title='bbox 1278 1027 1317 1062; x_wconf 93' lang='lat' dir='ltr'>et</span> <span class='ocrx_word' id='word_1_97' title='bbox 1334 1024 1375 1061; x_wconf 91' lang='lat' dir='ltr'>in</span> <span class='ocrx_word' id='word_1_98' title='bbox 1395 1027 1476 1062; x_wconf 89' lang='lat' dir='ltr'>tota</span> <span class='ocrx_word' id='word_1_99' title='bbox 1494 1028 1594 1063; x_wconf 88' lang='lat' dir='ltr'>terra</span> 
     </span>
     <span class='ocr_line' id='line_1_13' title="bbox 135 1076 1594 1128; baseline 0.002 -14"><span class='ocrx_word' id='word_1_100' title='bbox 135 1076 185 1114; x_wconf 89' lang='lat' dir='ltr'>ad</span> <span class='ocrx_word' id='word_1_101' title='bbox 204 1077 345 1114; x_wconf 82' lang='lat' dir='ltr'>dictam</span> <span class='ocrx_word' id='word_1_102' title='bbox 374 1077 570 1115; x_wconf 90' lang='lat' dir='ltr'>ecclesiam</span> <span class='ocrx_word' id='word_1_103' title='bbox 597 1077 813 1127; x_wconf 75' lang='lat' dir='ltr'>pertinente</span> <span class='ocrx_word' id='word_1_104' title='bbox 841 1077 1011 1126; x_wconf 84' lang='lat' dir='ltr'>exceptis</span> <span class='ocrx_word' id='word_1_105' title='bbox 1038 1080 1202 1127; x_wconf 85' lang='lat' dir='ltr'>quatuor</span> <span class='ocrx_word' id='word_1_106' title='bbox 1224 1079 1319 1116; x_wconf 86' lang='lat' dir='ltr'>acris</span> <span class='ocrx_word' id='word_1_107' title='bbox 1341 1078 1455 1116; x_wconf 87' lang='lat' dir='ltr'>dictis</span> <span class='ocrx_word' id='word_1_108' title='bbox 1474 1079 1594 1128; x_wconf 90' lang='lat' dir='ltr'>priori</span> 
     </span>
     <span class='ocr_line' id='line_1_14' title="bbox 135 1131 1591 1182; baseline 0.002 -14"><span class='ocrx_word' id='word_1_109' title='bbox 135 1133 174 1168; x_wconf 91' lang='lat' dir='ltr'>et</span> <span class='ocrx_word' id='word_1_110' title='bbox 211 1131 419 1169; x_wconf 85' lang='lat' dir='ltr'>conventui</span> <span class='ocrx_word' id='word_1_111' title='bbox 454 1131 496 1168; x_wconf 90' lang='lat' dir='ltr'>in</span> <span class='ocrx_word' id='word_1_112' title='bbox 531 1131 614 1168; x_wconf 91' lang='lat' dir='ltr'>loco</span> <span class='ocrx_word' id='word_1_113' title='bbox 651 1132 885 1180; x_wconf 72' lang='lat' dir='ltr'>competenti</span> <span class='ocrx_word' id='word_1_114' title='bbox 920 1131 969 1168; x_wconf 92' lang='lat' dir='ltr'>ad</span> <span class='ocrx_word' id='word_1_115' title='bbox 1005 1131 1306 1169; x_wconf 87' lang='lat' dir='ltr'>inedificandum</span> <span class='ocrx_word' id='word_1_116' title='bbox 1341 1133 1591 1182; x_wconf 81' lang='lat' dir='ltr'>assignandis.</span> 
     </span>
     <span class='ocr_line' id='line_1_15' title="bbox 134 1184 1593 1225; baseline 0.002 -4"><span class='ocrx_word' id='word_1_117' title='bbox 134 1184 312 1222; x_wconf 88' lang='lat' dir='ltr'>Vicarius</span> <span class='ocrx_word' id='word_1_118' title='bbox 348 1188 477 1222; x_wconf 84' lang='lat' dir='ltr'>autem</span> <span class='ocrx_word' id='word_1_119' title='bbox 512 1184 659 1223; x_wconf 88' lang='lat' dir='ltr'>ibidem</span> <span class='ocrx_word' id='word_1_120' title='bbox 690 1185 732 1222; x_wconf 91' lang='lat' dir='ltr'>in</span> <span class='ocrx_word' id='word_1_121' title='bbox 764 1184 887 1222; x_wconf 90' lang='lat' dir='ltr'>officio</span> <span class='ocrx_word' id='word_1_122' title='bbox 919 1185 1142 1223; x_wconf 89' lang='lat' dir='ltr'>sacerdotali</span> <span class='ocrx_word' id='word_1_123' title='bbox 1174 1185 1445 1224; x_wconf 85' lang='lat' dir='ltr'>administrans</span> <span class='ocrx_word' id='word_1_124' title='bbox 1478 1199 1593 1225; x_wconf 88' lang='lat' dir='ltr'>onera</span> 
     </span>
     <span class='ocr_line' id='line_1_16' title="bbox 134 1238 597 1287; baseline 0.002 -12"><span class='ocrx_word' id='word_1_125' title='bbox 134 1238 363 1287; x_wconf 87' lang='lat' dir='ltr'>episcopalia</span> <span class='ocrx_word' id='word_1_126' title='bbox 380 1238 597 1276; x_wconf 89' lang='lat' dir='ltr'>sustinebit.</span> 
     </span>
    </p>
   </div>
   <div class='ocr_carea' id='block_1_6' title="bbox 135 1345 1592 1453">
    <p class='ocr_par' dir='ltr' id='par_1_6' title="bbox 135 1345 1592 1453">
     <span class='ocr_line' id='line_1_17' title="bbox 218 1345 1592 1397; baseline 0.001 -14"><span class='ocrx_word' id='word_1_127' title='bbox 218 1355 510 1389; x_wconf 71' lang='lat' dir='ltr'><strong>MENTEMOR,</strong></span> <span class='ocrx_word' id='word_1_128' title='bbox 547 1345 700 1383; x_wconf 90' lang='lat' dir='ltr'>Vicaria</span> <span class='ocrx_word' id='word_1_129' title='bbox 717 1347 760 1383; x_wconf 92' lang='lat' dir='ltr'>in</span> <span class='ocrx_word' id='word_1_130' title='bbox 779 1346 935 1384; x_wconf 89' lang='lat' dir='ltr'>ecclesia</span> <span class='ocrx_word' id='word_1_131' title='bbox 953 1346 1001 1383; x_wconf 91' lang='lat' dir='ltr'>de</span> <span class='ocrx_word' id='word_1_132' title='bbox 1029 1345 1270 1385; x_wconf 89' lang='lat' dir='ltr'>Mentemora</span> <span class='ocrx_word' id='word_1_133' title='bbox 1287 1360 1361 1397; x_wconf 88' lang='lat' dir='ltr'>que</span> <span class='ocrx_word' id='word_1_134' title='bbox 1381 1350 1437 1385; x_wconf 90' lang='lat' dir='ltr'>est</span> <span class='ocrx_word' id='word_1_135' title='bbox 1456 1347 1592 1397; x_wconf 85' lang='lat' dir='ltr'>prioris</span> 
     </span>
     <span class='ocr_line' id='line_1_18' title="bbox 135 1397 1211 1453; baseline 0.001 -16"><span class='ocrx_word' id='word_1_136' title='bbox 135 1402 174 1437; x_wconf 89' lang='lat' dir='ltr'>et</span> <span class='ocrx_word' id='word_1_137' title='bbox 193 1403 406 1437; x_wconf 87' lang='lat' dir='ltr'>conventus</span> <span class='ocrx_word' id='word_1_138' title='bbox 424 1400 557 1438; x_wconf 84' lang='lat' dir='ltr'>Sancti</span> <span class='ocrx_word' id='word_1_139' title='bbox 578 1399 838 1438; x_wconf 86' lang='lat' dir='ltr'>Bartholomei</span> <span class='ocrx_word' id='word_1_140' title='bbox 856 1399 1030 1438; x_wconf 86' lang='lat' dir='ltr'>London&#39;</span> <span class='ocrx_word' id='word_1_141' title='bbox 1051 1397 1211 1453; x_wconf 67' lang='lat' dir='ltr'>[blank]</span> 
     </span>
    </p>
   </div>
   <div class='ocr_carea' id='block_1_7' title="bbox 135 1507 1596 1815">
    <p class='ocr_par' dir='ltr' id='par_1_7' title="bbox 135 1507 1596 1815">
     <span class='ocr_line' id='line_1_19' title="bbox 215 1507 1595 1558; baseline 0.002 -14"><span class='ocrx_word' id='word_1_142' title='bbox 215 1516 470 1551; x_wconf 65' lang='lat' dir='ltr'><strong>WALDONE,</strong></span> <span class='ocrx_word' id='word_1_143' title='bbox 507 1507 661 1545; x_wconf 85' lang='lat' dir='ltr'>Vicaria</span> <span class='ocrx_word' id='word_1_144' title='bbox 687 1507 730 1545; x_wconf 91' lang='lat' dir='ltr'>in</span> <span class='ocrx_word' id='word_1_145' title='bbox 757 1507 914 1545; x_wconf 90' lang='lat' dir='ltr'>ecclesia</span> <span class='ocrx_word' id='word_1_146' title='bbox 942 1507 989 1545; x_wconf 91' lang='lat' dir='ltr'>de</span> <span class='ocrx_word' id='word_1_147' title='bbox 1017 1507 1186 1545; x_wconf 89' lang='lat' dir='ltr'>Waldon</span> <span class='ocrx_word' id='word_1_148' title='bbox 1214 1520 1288 1557; x_wconf 87' lang='lat' dir='ltr'>que</span> <span class='ocrx_word' id='word_1_149' title='bbox 1308 1510 1365 1546; x_wconf 90' lang='lat' dir='ltr'>est</span> <span class='ocrx_word' id='word_1_150' title='bbox 1392 1508 1529 1558; x_wconf 81' lang='lat' dir='ltr'>prioris</span> <span class='ocrx_word' id='word_1_151' title='bbox 1557 1511 1595 1547; x_wconf 88' lang='lat' dir='ltr'>et</span> 
     </span>
     <span class='ocr_line' id='line_1_20' title="bbox 135 1561 1594 1611; baseline 0.001 -12"><span class='ocrx_word' id='word_1_152' title='bbox 135 1564 347 1599; x_wconf 87' lang='lat' dir='ltr'>conventus</span> <span class='ocrx_word' id='word_1_153' title='bbox 367 1561 414 1598; x_wconf 90' lang='lat' dir='ltr'>de</span> <span class='ocrx_word' id='word_1_154' title='bbox 441 1562 574 1611; x_wconf 88' lang='lat' dir='ltr'>Longa</span> <span class='ocrx_word' id='word_1_155' title='bbox 601 1561 708 1599; x_wconf 92' lang='lat' dir='ltr'>Villa</span> <span class='ocrx_word' id='word_1_156' title='bbox 735 1562 959 1599; x_wconf 87' lang='lat' dir='ltr'>auctoritate</span> <span class='ocrx_word' id='word_1_157' title='bbox 987 1561 1139 1599; x_wconf 87' lang='lat' dir='ltr'>concilii</span> <span class='ocrx_word' id='word_1_158' title='bbox 1165 1562 1340 1599; x_wconf 87' lang='lat' dir='ltr'>ordinata</span> <span class='ocrx_word' id='word_1_159' title='bbox 1358 1563 1534 1601; x_wconf 89' lang='lat' dir='ltr'>consistit</span> <span class='ocrx_word' id='word_1_160' title='bbox 1551 1564 1594 1600; x_wconf 95' lang='lat' dir='ltr'>in</span> 
     </span>
     <span class='ocr_line' id='line_1_21' title="bbox 135 1615 1592 1664; baseline 0.001 -11"><span class='ocrx_word' id='word_1_161' title='bbox 135 1615 314 1653; x_wconf 89' lang='lat' dir='ltr'>omnibus</span> <span class='ocrx_word' id='word_1_162' title='bbox 345 1616 597 1664; x_wconf 84' lang='lat' dir='ltr'>proventibus</span> <span class='ocrx_word' id='word_1_163' title='bbox 637 1615 766 1653; x_wconf 85' lang='lat' dir='ltr'>altaris</span> <span class='ocrx_word' id='word_1_164' title='bbox 807 1628 892 1654; x_wconf 89' lang='lat' dir='ltr'>cum</span> <span class='ocrx_word' id='word_1_165' title='bbox 921 1615 1082 1653; x_wconf 84' lang='lat' dir='ltr'>minutis</span> <span class='ocrx_word' id='word_1_166' title='bbox 1124 1615 1281 1654; x_wconf 87' lang='lat' dir='ltr'>decimis</span> <span class='ocrx_word' id='word_1_167' title='bbox 1314 1616 1493 1654; x_wconf 88' lang='lat' dir='ltr'>omnibus</span> <span class='ocrx_word' id='word_1_168' title='bbox 1511 1620 1592 1654; x_wconf 85' lang='lat' dir='ltr'>tam</span> 
     </span>
     <span class='ocr_line' id='line_1_22' title="bbox 135 1669 1596 1719; baseline 0.001 -13"><span class='ocrx_word' id='word_1_169' title='bbox 135 1669 183 1707; x_wconf 91' lang='lat' dir='ltr'>de</span> <span class='ocrx_word' id='word_1_170' title='bbox 211 1669 402 1707; x_wconf 82' lang='lat' dir='ltr'>dominico</span> <span class='ocrx_word' id='word_1_171' title='bbox 431 1669 594 1708; x_wconf 85' lang='lat' dir='ltr'>Comitis</span> <span class='ocrx_word' id='word_1_172' title='bbox 622 1682 737 1719; x_wconf 90' lang='lat' dir='ltr'>quam</span> <span class='ocrx_word' id='word_1_173' title='bbox 764 1669 812 1707; x_wconf 90' lang='lat' dir='ltr'>de</span> <span class='ocrx_word' id='word_1_174' title='bbox 839 1672 921 1707; x_wconf 87' lang='lat' dir='ltr'>tota</span> <span class='ocrx_word' id='word_1_175' title='bbox 946 1669 1136 1719; x_wconf 87' lang='lat' dir='ltr'>parochia.</span> <span class='ocrx_word' id='word_1_176' title='bbox 1202 1669 1254 1707; x_wconf 92' lang='lat' dir='ltr'>Et</span> <span class='ocrx_word' id='word_1_177' title='bbox 1281 1670 1405 1708; x_wconf 90' lang='lat' dir='ltr'>solvet</span> <span class='ocrx_word' id='word_1_178' title='bbox 1431 1671 1596 1708; x_wconf 85' lang='lat' dir='ltr'>vicarius</span> 
     </span>
     <span class='ocr_line' id='line_1_23' title="bbox 135 1723 1593 1774; baseline 0.001 -14"><span class='ocrx_word' id='word_1_179' title='bbox 135 1726 288 1761; x_wconf 89' lang='lat' dir='ltr'>tantum</span> <span class='ocrx_word' id='word_1_180' title='bbox 323 1723 521 1772; x_wconf 87' lang='lat' dir='ltr'>sinodalia,</span> <span class='ocrx_word' id='word_1_181' title='bbox 558 1723 737 1762; x_wconf 86' lang='lat' dir='ltr'>monachi</span> <span class='ocrx_word' id='word_1_182' title='bbox 781 1726 910 1762; x_wconf 88' lang='lat' dir='ltr'>autem</span> <span class='ocrx_word' id='word_1_183' title='bbox 950 1723 1166 1773; x_wconf 89' lang='lat' dir='ltr'>hospicium</span> <span class='ocrx_word' id='word_1_184' title='bbox 1203 1723 1474 1762; x_wconf 87' lang='lat' dir='ltr'>Archidiaconi</span> <span class='ocrx_word' id='word_1_185' title='bbox 1511 1738 1593 1774; x_wconf 89' lang='lat' dir='ltr'>pro-</span> 
     </span>
     <span class='ocr_line' id='line_1_24' title="bbox 135 1777 332 1815; baseline 0 0"><span class='ocrx_word' id='word_1_186' title='bbox 135 1777 332 1815; x_wconf 87' lang='lat' dir='ltr'>curabunt.</span> 
     </span>
    </p>
   </div>
  </div>
 </body>
</html>
