1844 3178
164 329 189 370 6
677 336 816 370 LIBER
846 336 1082 377 ANTIQUUS

166 436 384 488 pertinente
425 438 464 474 et
499 436 543 474 in
577 447 710 473 manso
747 446 834 472 cum
866 434 989 472 crofta
1019 434 1062 472 in
1098 446 1175 484 quo
1207 433 1425 484 capellanus
1458 434 1631 485 ejusdem

167 490 324 530 ecclesie
342 502 494 527 manere
513 488 713 527 consuevit
731 491 770 526 et
788 488 832 526 in
850 487 1007 526 decimis
1034 488 1116 526 feni
1135 488 1183 526 de
1201 490 1285 526 toto
1304 488 1508 538 villenagio
1528 492 1567 527 et
1587 489 1631 527 in

168 544 326 583 decimis
345 543 653 581 molendinorum
675 545 713 580 et
731 542 848 579 unius
866 542 1012 591 virgate
1026 545 1124 580 terre
1143 554 1259 591 quam
1278 541 1373 580 dicti
1391 543 1564 581 canonici
1583 542 1631 580 (16

167 602 266 637 terra
302 597 474 646 ejusdem
521 597 675 635 ecclesie
720 598 865 634 tenent.
923 595 1099 634 Vicarius
1147 598 1277 633 autem
1316 596 1440 635 solvet
1478 599 1633 634 tantum

169 651 366 699 sinodalia,
405 650 501 689 dicti
538 653 667 689 autem
703 649 836 687 Abbas
875 651 914 687 et
953 650 1180 688 Conventus
1225 649 1353 687 omnia
1398 650 1473 688 alia
1518 662 1633 688 onera

170 707 404 745 sustinentes
423 704 637 755 hospicium
655 703 931 742 Archidiaconi
951 703 1221 753 procurabunt.
1278 703 1331 741 Et
1344 703 1398 741 sic
1412 703 1515 743 valet
1530 704 1634 742 dicta

169 760 310 800 vicaria
328 759 500 809 quinque
518 757 642 797 marc’.
701 757 847 796 Totalis
866 759 995 796 autem
1013 757 1167 795 ecclesie
1185 757 1242 807 xij
1263 756 1386 796 marc'.

251 871 553 908 HOKEN’TON.
580 864 734 904 Vicaria
751 864 795 902 in
813 864 970 903 ecclesia
988 865 1037 903 de
1056 863 1281 903 Hoken’ton
1299 877 1374 914 que
1393 867 1451 903 est
1469 864 1636 903 Abbatis

171 924 210 961 61
238 922 451 960 conventus
471 919 562 958 Osn'
581 919 809 958 auctoritate
836 919 988 957 concilii
1016 919 1191 957 ordinata
1218 919 1396 958 consistit
1420 931 1488 969 per
1506 919 1636 957 omnia

170 979 216 1015 ut
253 987 368 1025 supra
405 973 538 1012 eodem
574 973 911 1013 Archidiaconatu.
986 973 1038 1011 In
1081 973 1272 1024 principio
1316 973 1358 1011 in
1394 974 1636 1012 ordinatione

170 1029 377 1080 yeneralif*

694 1080 711 1097 *
727 1079 856 1106 Inserted
866 1079 898 1105 in
909 1086 927 1105 6
937 1079 1010 1106 later
1021 1079 1108 1105 hand.

252 1175 560 1212 ΟΕΞΤΕΒΤΟΝ.
615 1168 770 1206 Vicaria
815 1167 858 1206 in
908 1166 1065 1206 ecclesia
1119 1167 1168 1205 de
1214 1166 1415 1207 Cesterton
1460 1180 1535 1218 que
1580 1170 1638 1207 est

173 1225 431 1276 predictorum
444 1221 611 1261 Abbatis
631 1225 669 1260 et
684 1222 910 1261 Conventus
926 1220 1017 1260 Osn'
1032 1221 1259 1260 auctoritate
1286 1222 1440 1261 concilii
1461 1222 1639 1262 similiter

174 1279 351 1318 ordinata
369 1276 545 1317 consistit
562 1288 631 1326 per
649 1276 779 1314 omnia
797 1279 843 1315 ut
862 1288 976 1326 supra
995 1275 1143 1314 dictum
1161 1278 1229 1315 est.

252 1391 480 1428 ΞΟΙΡΤΟΝ.
517 1384 672 1423 Vicaria
689 1383 733 1422 111
751 1383 909 1422 66016616
927 1384 975 1422 (16
990 1383 1153 1433 Scipton
1171 1396 1246 1434 que
1260 1385 1318 1422 est
1331 1383 1525 1433 prebenda
1541 1384 1638 1423 Sarr'

172 1441 369 1492 pertinens
410 1439 460 1477 ad
501 1441 749 1488 patronatum
788 1438 876 1476 Ade
917 1438 965 1476 de
1002 1437 1208 1488 Brimpton
1244 1437 1380 1477 militis
1412 1439 1638 1477 auctoritate

172 1495 327 1534 concilii
345 1493 521 1532 ordinata
539 1493 715 1531 consistit
732 1493 776 1530 in
802 1505 881 1530 una
907 1492 1056 1542 virgata
1083 1494 1182 1530 terre
1210 1505 1298 1531 cum
1324 1504 1457 1530 manso
1476 1493 1544 1543 qui
1562 1492 1639 1530 fuit

172 1550 237 1588 W.
259 1548 456 1599 quondam
474 1546 647 1596 ejusdem
665 1546 740 1585 1001
758 1546 892 1585 vicarii
914 1549 952 1584 et
972 1546 1107 1584 decani
1134 1548 1173 1584 et
1200 1546 1243 1584 in
1262 1546 1420 1584 decimis
1438 1547 1639 1596 garbarum

173 1604 305 1642 decem
331 1602 566 1651 virgatarum
592 1603 691 1639 terre
719 1600 768 1638 (16
795 1600 989 1639 (10111111160
1009 1599 1198 1640 0611011101
1225 1600 1397 1650 ejusdem
1425 1601 1582 1639 ecclesie
1601 1603 1640 1639 et

174 1658 222 1696 de
239 1655 470 1695 tenementis
489 1655 663 1693 omnium
682 1666 839 1693 suorum
863 1657 902 1693 et
928 1655 972 1692 in
1001 1653 1160 1692 decimis
1177 1653 1266 1692 lane
1285 1656 1324 1692 et
1338 1654 1643 1693 obvencionibus

174 1710 459 1750 confessionum
477 1708 521 1747 111
535 1709 824 1759 quadragesima
851 1711 890 1747 et
918 1708 1098 1746 omnibus
1122 1708 1388 1746 oblacionibus
1407 1708 1485 1747 diei
1502 1708 1643 1759 pasche

174 1768 214 1804 et
233 1765 276 1803 in
303 1763 540 1803 obvencione
566 1775 712 1813 panum
741 1762 792 1801 ad.
825 1763 944 1801 altare
974 1775 1043 1813 per
1071 1764 1199 1800 totum
1226 1775 1373 1801 annum
1401 1765 1560 1813 excepto
1580 1762 1643 1801 (116

173 1831 403 1870 parasceves⁸
462 1817 514 1856 Et
558 1817 662 1856 valet
706 1817 849 1856 vicaria
894 1819 1050 1855 centum
1091 1815 1160 1855 sol'
1197 1819 1235 1855 et
1280 1816 1442 1855 habebit
1477 1817 1644 1856 vicarius

175 1873 416 1923 capellanum
433 1871 581 1910 socium
600 1872 645 1909 in
664 1871 768 1909 dicta
792 1871 973 1921 parochia
1000 1870 1183 1909 continue
1201 1883 1331 1909 secum
1348 1871 1646 1910 ministrantem.

176 1927 396 1967 canonicus
418 1938 508 1965 vero
526 1922 666 1963 ’01111116
697 1925 773 1964 6116
804 1925 1063 1964 6111011111161116
1095 1924 1280 1975 percipiet
1307 1927 1347 1963 et
1374 1925 1504 1964 omnia
1531 1937 1647 1964 onera

176 1982 278 2021 dicte
297 1980 453 2019 ecclesie
470 1979 687 2018 sustinebit.

261 2094 550 2130 BLOKSHAM.
588 2086 743 2126 Vicaria
755 2087 799 2125 in
817 2086 974 2125 ecclesia
988 2086 1036 2124 (16
1050 2085 1262 2124 Bloksham
1275 2098 1351 2136 que
1365 2088 1423 2125 est
1436 2086 1645 2125 Abbatisse

179 2146 218 2182 et
235 2142 468 2181 Monialium
486 2141 534 2179 (16
552 2140 784 2180 Godestowa
802 2153 889 2179 cum
907 2140 1052 2191 capella
1071 2140 1118 2178 de
1137 2140 1399 2179 Midelecumb
1418 2141 1644 2179 auctoritate

179 2196 333 2236 concilii
361 2196 537 2234 ordinata
562 2196 739 2234 consistit
770 2195 814 2233 in
851 2197 934 2233 toto
971 2194 1153 2245 altaragio
1180 2200 1261 2233 tam
1292 2195 1461 2233 matricis
1489 2194 1644 2233 ecclesie

178 2264 295 2302 quam
313 2250 416 2288 dicte
434 2249 579 2300 capelle
597 2252 753 2299 excepta
772 2249 918 2287 decima
935 2248 1024 2287 lane
1044 2251 1082 2287 et
1100 2261 1286 2298 agnorum
1303 2249 1472 2287 matricis
1487 2249 1643 2288 ecclesie

180 2306 228 2343 de
242 2303 464 2343 Bloksham.
524 2303 712 2342 Consistit
731 2303 850 2342 eciam
867 2303 911 2341 in
928 2302 1044 2341 blado
1063 2302 1168 2352 quod
1194 2303 1293 2341 solet
1319 2302 1402 2341 dari
1419 2303 1642 2341 trituratum

180 2359 294 2397 dictis
309 2358 464 2396 ecclesie
478 2360 517 2396 et
536 2357 678 2407 capelle
697 2357 746 2396 de
761 2356 999 2395 Mildecumb
1015 2355 1102 2408 (sic)
1115 2356 1220 2407 quod
1234 2359 1393 2396 vocatur
1408 2356 1643 2396 Chirchesed

180 2426 269 2452 cum
288 2424 421 2451 manso
440 2412 509 2462 qui
527 2412 624 2450 situs
644 2414 701 2450 est
719 2412 821 2449 inter
847 2423 1023 2450 mansum
1042 2410 1111 2460 qui
1129 2411 1208 2449 fuit
1225 2410 1372 2461 Pagani
1390 2410 1438 2449 (16
1457 2411 1643 2450 Bereford

181 2470 220 2505 et
257 2479 434 2505 mansum
469 2466 539 2515 qui
577 2466 655 2503 fuit
687 2465 892 2505 Willielmi
923 2464 1126 2503 Koleman.
1184 2464 1302 2503 Dicte
1332 2477 1422 2503 vero
1458 2464 1643 2503 moniales

181 2521 310 2559 omnia
321 2532 435 2559 onera
446 2519 635 2558 dictarum
647 2519 801 2558 ecclesie
813 2521 851 2558 et
863 2518 1005 2569 capelle
1016 2518 1147 2557 debita
1158 2521 1197 2557 et
1208 2521 1390 2557 consueta
1396 2519 1643 2558 sustinebunt

181 2578 306 2625 preter
324 2573 513 2613 sinodalia
530 2586 605 2624 que
623 2573 787 2613 vicarius
805 2572 1006 2624 persolvet.
1064 2572 1117 2611 Et
1143 2575 1237 2612 sunt
1263 2573 1320 2612 ibi
1346 2573 1548 2625 necessarii
1565 2572 1643 2611 duo

180 2643 223 2668 ca
251 2630 377 2668 ellani.

223 2643 248 2681 p
263 2683 464 2722 *Additur
498 2694 568 2731 per
600 2682 750 2720 beatum
781 2682 991 2721 Robertum
1023 2681 1170 2719 decima
1199 2682 1286 2720 Zarze
1314 2684 1350 2720 et
1380 2692 1566 2730 aqnorum
1597 2681 1643 2718 de

183 2768 188 2776 .
352 2766 362 2775 .
418 2737 510 2775 ham
529 2748 598 2785 que
617 2739 670 2774 est
724 2765 732 2775 .
812 2764 820 2774 .
896 2764 904 2774 .
961 2735 1061 2773 Item
1115 2764 1124 2774 .
1200 2763 1208 2773 .
1280 2764 1288 2774 .
1345 2735 1460 2773 solvet
1476 2734 1644 2773 vicarius

181 2791 377 2830 sinodalia
395 2793 430 2829 et
448 2790 642 2828 abbatissa
655 2789 881 2839 procurabit
898 2789 1108 2839 hospitium
1125 2788 1412 2827 Archidiaconi.

476 2878 493 2896 ³⁸
510 2876 546 2902 In
556 2876 606 2903 the
617 2875 738 2909 margin,
749 2876 780 2903 iu
791 2876 911 2904 another
922 2876 1009 2908 hand,
1022 2875 1077 2902 and
1088 2875 1119 2902 in
1129 2882 1197 2909 very
1209 2875 1286 2902 faint
1297 2874 1356 2903 ink.
