1844 3178
695 331 858 364 HUGON
862 331 902 364 IS
934 330 1096 364 WELLS.
1570 323 1594 362 8
1601 324 1621 362 l

247 427 539 462 ADVOCAolo
592 426 814 461 BOTEND’.

251 470 440 510 Omnibus
461 471 607 510 Christi
624 470 804 508 fidelibus
823 469 884 508 &a
946 469 1110 507 Noverit
1129 469 1358 507 universitas
1376 471 1503 507 vestra
1521 472 1625 520 quod

167 523 358 562 Robertus
374 524 421 563 de
441 524 603 563 Botend'
623 525 732 562 miles
750 524 790 561 in
811 526 941 561 nostra
967 523 1160 572 presencia
1179 523 1411 560 constitutus
1431 524 1624 563 confessus

167 581 277 615 estse
292 578 441 616 dedisse
460 592 528 628 pro
544 578 665 616 salute
681 578 805 616 anime
820 590 886 615 sue
902 581 940 614 et
955 589 1109 614 suorum
1125 580 1163 614 et
1178 579 1280 614 carta
1300 589 1367 614 sua
1386 577 1626 616 confirmasse

170 631 295 669 Priori
319 635 358 670 et
386 632 590 671 Canonicis
623 632 670 670 de
703 630 936 671 Chaucumb’
966 631 1032 679 jus
1060 630 1324 668 advocacionis
1350 630 1393 667 in
1420 631 1625 670 medietate

169 685 323 723 ecclesie
351 686 399 724 de
426 686 589 724 Botend'
617 689 655 723 et
684 685 807 723 eidem
825 685 943 734 priori
971 686 1112 722 cartam
1131 697 1244 734 super
1262 684 1335 722 hoc
1354 684 1564 723 confectam
1584 687 1626 724 in

167 739 361 788 presencia
390 743 520 785 nostra
545 742 681 789 sponte
709 739 897 777 liberavit.
956 738 1039 775 Nos
1075 739 1193 787 igitur
1226 738 1437 788 predictam
1471 739 1628 778 advoca-

167 792 316 830 cionem
336 806 460 831 coram
478 793 590 831 nobis
609 793 663 831 eis
683 793 857 830 collatam
877 795 915 830 et
935 804 1150 830 concessam
1177 792 1401 830 auctoritate
1424 793 1629 843 episcopali

167 846 488 886 confirmavimus.
537 846 649 895 Quod
665 850 709 885 ut
723 849 850 884 ratum
863 850 902 884 et
915 845 1053 884 stabile
1067 848 1259 895 perservet
1272 858 1428 896 presens
1442 847 1628 896 seriptum

167 899 284 949 sigilli
321 901 445 938 nostri
481 901 696 938 munimine
731 900 1002 938 roboravimus.
1075 900 1164 937 Hiis
1203 899 1394 947 Testibus,
1432 899 1629 950 Magistris

167 952 383 1002 Reginaldo
411 954 458 992 de
487 953 608 993 Cestr'
635 956 673 991 et
701 953 746 992 R.
779 954 826 991 de
855 953 1019 1001 Grauel',
1039 953 1186 991 Thoma
1205 953 1252 991 de
1271 953 1477 992 Fiskerton
1496 955 1628 992 canon'

167 1006 288 1052 Linc',
319 1008 515 1057 Magistris
543 1008 583 1045 N
585 1007 733 1045 icholao
762 1007 810 1045 de
837 1007 1030 1045 Evesham
1059 1010 1097 1045 et
1124 1007 1288 1045 Ricardo
1326 1007 1374 1045 de
1406 1008 1629 1058 Tinghurst,

169 1060 375 1110 Radulpho
396 1061 443 1099 de
472 1061 669 1100 Chenduit
689 1061 834 1108 clerico,
855 1061 1071 1099 Willielmo
1091 1061 1139 1098 de
1159 1061 1383 1110 Ferendon',
1406 1061 1562 1100 Simone
1582 1063 1629 1100 de

169 1113 361 1164 Cropper’,
408 1115 556 1165 Rogero
594 1115 642 1152 de
687 1115 882 1152 Leonibus
923 1112 1000 1167 [fo.
1042 1113 1130 1167 25¹³]
1169 1115 1332 1152 Ricardo
1379 1115 1426 1153 de
1465 1116 1628 1164 Clifton,

167 1166 376 1218 Radulpho
405 1169 453 1206 de
481 1168 718 1208 Chaucumb'
755 1169 900 1215 clerico,
942 1168 1140 1217 Stephano
1177 1168 1225 1206 de
1263 1168 1430 1215 Cicestr',
1460 1172 1498 1207 et
1530 1170 1625 1207 aliis.

167 1221 259 1259 Dat’
289 1235 357 1271 per
388 1235 546 1260 manum
579 1222 784 1260 Willielmi
816 1222 863 1260 de
891 1221 1049 1260 Tornac'
1076 1222 1335 1260 archidiaconi
1369 1222 1497 1261 Stowe
1525 1223 1629 1273 apud

167 1274 373 1314 Bannebir'
392 1277 435 1314 ix
452 1276 527 1315 kal.
550 1276 786 1326 Septembris
804 1276 1051 1326 pontificatus
1070 1276 1192 1314 nostri
1211 1289 1312 1315 anno
1331 1280 1476 1316 octavo.

251 1409 476 1444 ΒΟΝΑΟΙΟ
503 1400 763 1438 advocacionis
790 1401 935 1438 ecclesie
963 1401 1009 1438 de
1037 1401 1214 1448 Statford.

248 1453 451 1491 Universis
471 1454 531 1492 διο.
580 1454 709 1503 Quum
727 1454 791 1503 pia
808 1454 909 1492 facta
927 1454 1100 1492 fidelium
1120 1454 1235 1503 digno
1255 1457 1346 1492 sunt
1365 1456 1628 1505 prosequenda

168 1507 308 1553 favore,
343 1507 528 1544 noveritis
560 1508 665 1557 quod
696 1520 766 1545 nos
798 1508 1044 1546 collacionem
1076 1508 1208 1546 dilecti
1240 1508 1312 1546 filii
1344 1508 1550 1546 Willielmi
1583 1510 1630 1547 de

169 1560 336 1599 Statford
354 1573 470 1609 quam
488 1574 601 1610 super
618 1561 871 1599 advocacione
890 1561 1043 1599 ecclesie
1063 1562 1111 1600 de
1127 1561 1294 1600 Statford
1311 1561 1443 1600 domui
1457 1563 1631 1612 religiose

170 1613 217 1651 de
235 1614 389 1651 Luffeld
407 1614 499 1652 fecit
514 1618 551 1652 et
565 1614 761 1653 monachis
775 1615 921 1653 ibidem
936 1615 1007 1653 deo
1022 1615 1279 1654 servientibus
1293 1618 1332 1654 et
1347 1616 1632 1666 imperpetuum

167 1668 389 1717 regulariter
407 1669 605 1707 servituris
623 1672 743 1706 ratam
763 1672 801 1706 et
819 1672 965 1718 gratam
984 1669 1181 1716 habemus,
1198 1673 1237 1708 et
1256 1683 1338 1708 eam
1353 1670 1453 1708 sicut
1466 1672 1634 1709 raciona-

167 1721 298 1759 biliter
316 1721 418 1760 facta
445 1724 502 1760 est
529 1723 584 1760 eis
611 1723 835 1761 auctoritate
863 1723 1068 1773 episcopali
1095 1724 1373 1763 confirmamus.
1434 1724 1561 1763 Salvis
1588 1726 1631 1763 in

168 1775 348 1813 omnibus
375 1775 441 1815 &Q
501 1776 616 1825 Quod
640 1780 685 1814 ut
704 1780 926 1826 perpetuam
946 1776 1013 1815 &c
1072 1778 1162 1815 Hiis
1189 1778 1380 1826 Testibus,
1409 1779 1557 1816 Thoma
1585 1780 1631 1817 de

167 1828 375 1867 Fiskerton
411 1830 619 1880 capellano,
657 1830 842 1880 Magistro
874 1831 1043 1869 Roberto
1077 1831 1125 1869 de
1158 1831 1311 1870 Grauel'
1344 1834 1477 1871 canon'
1510 1833 1631 1880 Linc',

167 1882 374 1933 Radulpho
412 1883 460 1921 de
497 1884 709 1931 Wareuill’,
747 1884 961 1922 Willielmo
990 1885 1037 1923 de
1064 1885 1302 1923 Keinesham
1340 1887 1472 1924 canon'
1501 1887 1630 1934 Well’,

171 1936 369 1986 Stephano
388 1937 436 1975 de
455 1938 546 1985 Cic’,
568 1941 606 1976 et
624 1938 718 1976 aliis.
778 1938 868 1976 Dat'
888 1951 955 1988 per
968 1951 1125 1977 manum
1145 1940 1252 1977 Petri
1267 1940 1314 1977 de
1330 1940 1442 1978 Bath'
1458 1942 1632 1979 canonici

169 1989 278 2029 Linc’
297 1991 401 2041 apud
419 1991 594 2041 Kildeby
611 1992 655 2030 ix
672 1991 748 2030 kal.
772 1992 948 2031 Octobris
966 1993 1212 2042 pontificatus
1226 1994 1349 2032 nostri
1363 2007 1463 2033 anno
1484 1998 1628 2033 octavo.

251 2123 613 2160 ΑΡΡΒΟΡΒΙΑΟΙΟ
641 2117 785 2155 ecclesie
805 2117 850 2155 de
869 2117 1022 2156 Berton'
1043 2121 1078 2155 et
1098 2118 1238 2167 capelle
1257 2119 1304 2156 de
1323 2120 1516 2166 Sanford'.

251 2168 442 2207 Omnibus
479 2169 626 2208 Christi
661 2171 842 2209 fidelibus
879 2171 939 2210 &a
1011 2172 1270 2210 Attendentes
1307 2173 1546 2222 relligionem
1593 2176 1632 2212 et

169 2222 372 2261 honestam
404 2224 733 2262 conversacionem
766 2225 992 2263 dilectorum
1019 2226 1185 2264 filiorum
1213 2226 1378 2265 Abbatis
1411 2230 1449 2264 et
1481 2228 1633 2266 canoni—

171 2289 299 2314 corum
319 2276 367 2314 de
388 2275 500 2315 Osen’
520 2277 652 2316 divine
683 2279 839 2328 pietatis
870 2279 1018 2317 intuitu
1051 2280 1288 2318 decrevimus
1317 2281 1371 2318 eis
1400 2281 1447 2318 de
1475 2294 1632 2320 assensu

170 2330 319 2368 Decani
350 2332 389 2367 et
421 2330 595 2380 Capituli
626 2332 733 2370 Linc'
760 2333 956 2371 ecclesiam
989 2333 1035 2371 de
1068 2333 1222 2372 Berton'
1261 2347 1348 2372 cum
1384 2336 1632 2384 pertinenciis

171 2384 280 2433 cujus
313 2383 605 2423 advocacionem
637 2386 782 2424 habent
814 2399 863 2424 ex
882 2387 983 2425 dono
1016 2387 1157 2437 Rogeri
1190 2388 1237 2426 de
1274 2388 1417 2427 Sancto
1451 2389 1631 2427 Johanne

171 2437 343 2487 ejusdem
389 2438 543 2476 ecclesie
588 2441 742 2489 patroni
787 2441 830 2478 in
874 2453 966 2479 usus
1002 2441 1174 2491 proprios
1220 2442 1269 2480 ad
1310 2443 1632 2481 sustentacionem

171 2503 382 2541 pauperum
409 2494 448 2529 et
474 2494 760 2543 peregrinorum
788 2495 993 2533 concedere
1020 2498 1058 2533 et
1078 2496 1283 2545 episcopali
1301 2497 1527 2535 auctoritate
1547 2510 1631 2535 con-

170 2545 329 2583 firmare.
387 2545 534 2584 Verum
571 2547 661 2597 quia
697 2548 855 2598 quidam
896 2549 1075 2587 dicebant
1112 2550 1308 2588 ecclesiam
1345 2550 1392 2588 de
1402 2591 1414 2599 Α
1427 2551 1630 2589 Sandford’

171 2599 365 2637 matricem
393 2612 473 2637 esse
501 2600 697 2639 ecclesiam
724 2602 789 2640 alii
817 2615 906 2640 vero
934 2603 1151 2641 asserebant
1179 2616 1262 2641 eam
1281 2617 1360 2642 esse
1379 2604 1563 2654 capellam
1581 2605 1630 2642 ad

170 2652 365 2691 ecclesiam
402 2653 450 2691 de
485 2654 639 2692 Berton'
680 2656 938 2705 pertinentem
983 2657 1156 2695 volentes
1201 2670 1315 2707 super
1359 2658 1434 2696 hiis
1479 2659 1631 2708 plenius

170 2706 367 2744 certificari
398 2707 691 2757 inquisicionem
709 2710 792 2748 fieri
822 2710 983 2748 fecimus
1008 2711 1148 2748 exinde
1168 2711 1391 2762 diligentem
1410 2725 1478 2762 per
1495 2712 1631 2750 Archi-

170 2760 374 2798 diaconum
391 2761 467 2799 loci
498 2764 537 2799 et
563 2774 632 2811 per
648 2764 750 2802 viros
782 2763 995 2813 fidedignos
1027 2765 1070 2802 in
1089 2765 1257 2814 capitulo
1277 2766 1345 2814 qui
1365 2779 1495 2804 omnes
1510 2767 1631 2815 jurati

171 2814 243 2852 sub
256 2814 387 2852 debito
395 2815 605 2864 juramenti
617 2818 677 2855 sui
689 2822 931 2856 asseruerunt
943 2819 1067 2868 ipsam
1079 2820 1423 2869 essepertinentem
1435 2823 1631 2870 tamquam

879 2904 905 2937 F
