1844 3178
180 346 233 386 26
711 355 849 389 LIBER
878 354 1114 396 ANTIQUUS

679 519 1146 612 {tuntinghnnl

818 632 899 679 [FO.
923 629 998 684 sta]

259 711 300 744 S.
323 708 474 743 MARlE
494 707 850 742 HUNTlNGDON’.
887 701 1041 739 Vicaria
1078 701 1121 738 in
1158 700 1314 738 ecclesia
1341 700 1491 739 'Sancte
1519 701 1644 739 Marie

180 757 373 795 Huntind'
394 768 469 806 que
491 757 549 792 est
581 755 849 792 canonicorum
882 755 1027 793 ibidem
1060 755 1285 792 auctoritate
1319 755 1472 792 concilii
1504 755 1558 793 sic
1586 759 1643 793 est

180 812 363 849 ordinata.
421 809 599 847 Vicarius
633 808 794 846 habebit
815 809 972 846 nomine
1003 808 1143 846 vicarie
1176 821 1243 846 sue
1277 821 1399 845 unum
1431 809 1643 847 corredium

180 865 353 903 canonici
371 864 420 901 ad
440 875 611 900 mensam
629 863 897 900 canonicorum
917 866 955 900 et
975 863 1116 912 viginti
1135 862 1277 900 solidos
1296 875 1444 900 annuos
1462 863 1644 901 videlicet

181 933 209 957 x
227 919 368 957 solidos
388 918 437 955 ad
455 917 597 955 festum
617 916 655 955 S.
678 916 880 954 Michaelis
901 920 939 954 et
958 930 985 954 x
1004 917 1147 954 solidos
1164 916 1216 954 ad
1231 916 1337 953 Pasc'
1352 928 1420 966 pro
1440 917 1643 966 stipendiis

182 974 230 1011 de
243 971 495 1023 proventibus
514 970 668 1008 ecclesie
687 970 856 1020 predicte
875 970 1150 1020 percipiendos.
1208 970 1261 1008 Et
1288 970 1447 1008 habebit
1466 970 1645 1009 clericum

183 1030 221 1065 et
239 1027 455 1077 garcionem
473 1037 587 1063 suum
605 1024 655 1062 ad
674 1037 845 1062 mensam
876 1025 1013 1074 prioris
1044 1037 1132 1063 cum
1164 1024 1309 1062 clericis
1342 1028 1380 1062 et
1402 1024 1644 1074 garcionibus

183 1081 364 1131 eiusdem.

261 1197 426 1231 SLEPA,
464 1186 619 1224 Vicaria
653 1186 695 1223 in
733 1185 890 1224 ecclesia
922 1185 969 1223 de
1009 1184 1124 1235 Slepa
1160 1198 1234 1235 que
1275 1188 1333 1223 est
1369 1185 1644 1224 monachorum

181 1241 330 1280 Rames’
365 1241 590 1279 auctoritate
624 1240 778 1278 concilii
811 1240 910 1277 sicut
945 1242 1001 1277 est
1036 1239 1220 1277 ordinata.
1278 1239 1455 1278 Vicarius
1485 1240 1646 1278 habebit

181 1296 338 1334 nomine
358 1296 497 1333 vicarie
516 1307 583 1332 sue
602 1307 735 1332 omnes
754 1294 923 1332 minutas
947 1293 1113 1331 decimas
1133 1296 1171 1331 et
1191 1293 1447 1332 obvenciones
1468 1294 1647 1332 altarium

182 1354 262 1389 tam
299 1349 454 1388 ecclesie
492 1349 540 1388 de
588 1349 692 1398 Slap’
721 1361 837 1398 quam
865 1348 1097 1398 capellarum
1124 1348 1171 1385 de
1201 1347 1325 1385 Hurst
1352 1352 1391 1385 et
1422 1348 1647 1397 generaliter

184 1404 313 1442 omnia
350 1404 473 1441 dictas
510 1403 707 1441 ecclesiam
739 1405 777 1440 et
810 1402 972 1452 capellas
1005 1402 1092 1451 jure
1128 1401 1338 1451 parochiali
1378 1402 1646 1451 contingencia

185 1458 355 1508 exceptis
386 1461 485 1495 terra
518 1457 674 1494 ecclesie
709 1459 747 1494 et
783 1456 939 1494 decimis
973 1456 1174 1505 garbarum
1208 1458 1246 1493 et
1279 1455 1370 1494 feni.
1430 1456 1649 1495 Sustinebit

185 1515 313 1550 autem
342 1511 467 1549 dictus
494 1511 658 1550 vicarius
686 1511 815 1548 omnia
843 1523 958 1548 onera
992 1510 1182 1548 ordinaria
1209 1510 1399 1547 dictarum
1426 1510 1581 1548 ecclesie
1609 1513 1648 1548 et

185 1567 415 1617 capellarum
433 1565 564 1603 debita
592 1568 629 1602 et
660 1568 841 1602 consueta
867 1567 993 1615 preter
1019 1564 1236 1613 hospicium
1250 1563 1525 1602 Archidiaconi
1544 1564 1649 1614 quod

184 1621 261 1670 ipsi
296 1619 476 1657 monachi
520 1619 790 1669 procurabunt,
830 1621 868 1656 et
905 1618 952 1656 de
994 1618 1303 1656 extraordinariis
1348 1618 1645 1668 respondebunt.

187 1675 320 1713 Solvet
339 1675 459 1712 eciam
478 1674 641 1711 vicarius
660 1673 777 1723 priori
797 1672 844 1710 de
869 1672 1010 1711 Sancto
1031 1672 1154 1709 Iuone
1172 1672 1240 1720 qui
1258 1685 1326 1722 pro
1345 1675 1515 1722 tempore
1534 1673 1650 1710 fuerit

185 1731 340 1766 centum
377 1728 517 1765 solidos
555 1728 597 1765 in
634 1731 798 1777 quatuor
835 1727 929 1764 anni
960 1726 1133 1764 terminis
1170 1726 1314 1764 scilicet
1345 1727 1394 1764 ad
1426 1727 1569 1764 :festum
1608 1726 1646 1764 S.

186 1782 389 1820 Michaelis
409 1795 490 1820 xxv
509 1781 651 1819 solidos
674 1781 723 1818 ad
743 1781 998 1819 Nativitatem
1027 1780 1189 1817 Domini
1216 1793 1297 1818 xxv
1316 1781 1457 1818 solidos
1476 1780 1523 1818 ad
1543 1780 1649 1818 Pasc'

186 1850 269 1875 xxv
288 1836 430 1875 solidos
449 1839 488 1874 et
506 1836 555 1874 ad
574 1835 833 1874 Nativitatem
854 1835 892 1873 S.
915 1833 942 1873 J
945 1835 1108 1872 ohannis
1127 1835 1303 1884 Baptiste
1321 1848 1403 1874 xxv
1422 1834 1575 1873 solidos.

586 1904 623 1930 In
635 1905 685 1930 the
697 1904 811 1936 margin
822 1904 852 1929 in
865 1911 883 1929 a
893 1904 967 1930 later
977 1904 1065 1935 hand,
1078 1905 1093 1917 ‘⁵
1103 1904 1129 1930 S.
1141 1903 1265 1931 1vonis.”

266 1982 497 2017 ννιΝΕννιΚ,
534 1973 689 2011 Vicaria
703 1973 746 2010 in
759 1972 916 2010 ecclesia
934 1972 982 2009 de
1002 1972 1205 2021 Wynewic
1223 1985 1297 2022 que
1312 1974 1369 2009 est
1383 1972 1652 2010 canonicorum

188 2027 384 2066 Huntind'
413 2027 638 2065 auctoritate
677 2026 830 2065 concilii
858 2026 912 2064 sic
940 2029 998 2064 est
1026 2026 1212 2065 ordinata.
1282 2026 1472 2065 Consistit
1499 2027 1541 2064 in
1568 2029 1651 2064 toto

188 2082 370 2131 altaragio
398 2084 436 2119 et
463 2081 656 2132 mesuagio
696 2080 931 2130 competenti
962 2081 1079 2130 juxta
1110 2080 1305 2118 ecclesiam
1337 2083 1376 2118 et
1402 2080 1446 2118 in
1472 2081 1652 2118 omnibus

188 2137 351 2174 minutis
379 2135 536 2173 decimis
564 2139 602 2174 et
629 2135 882 2185 proventibus
910 2134 1075 2173 ecclesie.
1133 2134 1262 2173 Salvis
1290 2134 1433 2172 eisdem
1469 2135 1586 2184 priori
1613 2137 1652 2172 et

190 2190 381 2229 canonicis
400 2189 560 2227 decimis
586 2190 787 2239 garbarum
815 2189 896 2226 feni
923 2188 1232 2226 molendinorum
1259 2192 1297 2226 et
1322 2192 1421 2227 terra
1439 2189 1594 2226 ecclesie
1613 2191 1652 2226 et

189 2244 369 2282 omnibus
397 2243 554 2282 decimis
582 2244 630 2282 de
658 2243 851 2281 dominico
880 2255 1011 2280 eorum
1038 2242 1294 2292 undecunque
1321 2243 1648 2292 provenientibus.

188 2298 365 2337 Vicarius
393 2298 600 2336 sustinebit
628 2310 742 2336 onera
772 2297 1015 2347 parochialia.
1074 2296 1260 2335 Canonici
1287 2297 1575 2347 respondebunt
1603 2297 1651 2334 de

189 2353 428 2390 sinodalibus
447 2355 486 2390 et
513 2352 772 2402 procurabunt
791 2351 1007 2401 hospicium
1026 2350 1308 2390 Archidiaconi.
1373 2351 1489 2390 Valet
1512 2351 1651 2390 vicaria

188 2407 283 2456 iiijor
300 2405 425 2445 marc.’
481 2406 627 2445 Totalis
646 2406 802 2444 ecclesia
821 2409 917 2444 octo.

273 2523 451 2558 MAGNA
485 2523 702 2558 GleNG.
739 2513 893 2552 Vicaria
909 2512 953 2551 in
972 2513 1128 2551 ecclesia
1145 2513 1194 2551 de
1212 2512 1357 2563 Magna
1382 2512 1561 2563 Gedding
1579 2525 1654 2562 que

191 2572 249 2607 est
267 2568 476 2607 eorundem
494 2568 719 2606 auctoritate
739 2567 893 2606 concilii
919 2567 1095 2605 ordinata
1114 2567 1291 2605 consistit
1308 2567 1351 2605 in
1370 2570 1452 2605 toto
1471 2567 1652 2616 altaragio

191 2626 229 2661 et
262 2623 455 2672 mesuagio
488 2623 722 2671 competenti
749 2623 866 2671 juxta
897 2621 1094 2659 ecclesiam
1128 2624 1165 2658 et
1197 2621 1240 2658 in
1274 2621 1453 2659 omnibus
1491 2621 1652 2658 minutis

190 2677 349 2715 decimis
369 2681 407 2714 et
425 2676 677 2727 proventibus
697 2677 862 2714 ecclesie.
921 2675 1048 2714 Salvis
1076 2675 1221 2713 eisdem
1249 2675 1455 2714 Canonicis
1474 2678 1518 2713 ut
1538 2687 1652 2723 supra

189 2732 233 2769 in
251 2731 393 2770 vicaria
414 2729 532 2780 prox'.
591 2730 768 2768 Vicarius
796 2729 1043 2779 respondebit
1063 2729 1111 2767 de
1129 2729 1368 2767 sinodalibus
1388 2733 1426 2767 et
1445 2729 1651 2767 sustinebit

191 2798 305 2823 onera
341 2784 574 2835 parochialia
612 2788 649 2822 et
687 2785 810 2824 solvet
842 2783 1044 2822 annuatim
1077 2783 1233 2821 sacriste
1270 2783 1394 2821 Hunt'
1432 2796 1458 2822 v
1495 2782 1647 2821 solidos.

192 2839 378 2879 Canonici
413 2838 740 2877 Archidiaconum
778 2837 1036 2888 procurabunt
1076 2841 1114 2875 et
1151 2838 1226 2875 alia
1262 2850 1375 2875 onera
1412 2851 1434 2875 a
1469 2837 1652 2887 predictis

191 2894 381 2931 ordinaria
417 2892 722 2932 sustinebuntur.
786 2892 903 2930 Valet
941 2891 1081 2930 vicaria
1118 2891 1290 2941 quinque
1326 2892 1452 2930 marc)
1507 2891 1652 2930 Totalis

192 2947 348 2987 ecclesia
366 2947 508 2986 decem.
