1844 3178
735 366 942 400 Hueoms
971 364 1136 399 WELLS.
1605 351 1660 394 37

290 475 620 511 οΗΑυουΜΒΕ,
674 464 827 502 Vicaria
853 463 896 501 in
922 463 1077 501 ecclesia
1108 460 1336 512 parrochiali
1363 460 1410 498 de
1438 461 1663 500 Chaucumb

211 534 285 572 que
317 524 375 559 est
407 520 542 570 prioris
575 522 614 557 et
649 520 861 557 conventus
897 517 1043 555 ibidem
1078 516 1302 554 auctoritate
1337 515 1490 552 concilii
1521 516 1574 554 sic
1608 519 1665 554 est

212 575 396 614 ordinata.
458 575 540 622 [Εο.
561 571 659 621 llll]
716 571 894 610 Vicarius
920 570 1079 608 habebit
1105 569 1260 608 nomine
1286 568 1426 606 vicarie
1450 581 1516 606 sue
1535 569 1666 607 sibiet

212 629 345 667 clerico
364 640 433 666 suo
452 640 567 677 quem
584 626 785 665 invenient
810 624 1019 663 necessaria
1042 625 1167 662 victus
1186 623 1227 660 in
1245 623 1414 672 prioratu
1433 635 1519 660 cum
1539 623 1668 660 debita

211 682 411 720 honestate
438 684 477 720 et
504 681 598 719 duas
633 692 777 718 marcas
804 691 872 727 pro
908 678 1111 727 stipendiis
1147 689 1234 715 cum
1261 688 1393 714 manso
1429 679 1668 726 competente

212 739 321 774 extra
346 738 495 785 portam
522 734 720 784 prioratus,
777 732 950 770 Habebit
978 732 1097 769 eciam
1122 730 1331 769 secundum
1354 729 1522 779 legatum
1548 742 1669 779 usque

213 789 264 828 ad
299 802 367 827 sex
403 789 578 827 denarios
614 791 653 826 et
690 786 793 837 quod
827 786 930 824 ultra
964 785 1081 823 fuerit
1115 785 1191 835 ipsi
1228 784 1401 822 canonici
1432 787 1470 822 et
1506 784 1670 822 vicarius

213 843 484 881 dimidiabunt.
541 842 643 880 Item
678 840 837 879 habebit
863 840 907 877 in
934 842 1096 888 quatuor
1132 837 1406 888 principalibus
1442 837 1551 876 festis
1579 837 1672 875 anni

215 897 430 935 oblaciones
449 908 536 935 suas
554 895 697 934 scilicet
716 894 756 932 N
758 894 843 932 atal'
862 893 1025 931 Domini
1042 893 1084 942 iij
1107 892 1281 930 denarios
1300 892 1363 930 die
1377 891 1523 929 Pasche
1542 891 1610 941 ijd.
1633 893 1671 928 et

214 954 376 1000 utroque
408 950 570 989 aliorum
600 949 787 987 festorum
819 947 872 986 id.
906 950 944 985 et
980 950 1149 996 preterea
1179 946 1231 984 id.
1267 958 1355 984 cum
1387 957 1523 995 corpus
1555 945 1674 983 fuerit

214 1017 379 1054 presens.
436 1004 562 1042 Iidem
596 1015 686 1041 vero
732 1001 906 1040 canonici
948 1001 1150 1039 invenient
1185 1000 1326 1038 vicario
1357 999 1588 1050 palefridum
1624 998 1674 1036 ad

216 1058 396 1096 sinodum
409 1058 457 1096 ad
470 1057 677 1107 capitulam
689 1058 728 1093 et
739 1056 788 1093 ad
800 1056 971 1093 infirmos
983 1067 1069 1092 cum
1081 1055 1198 1092 fuerit
1209 1066 1360 1092 necesse
1375 1056 1413 1091 et
1427 1053 1675 1091 sustinebunt

217 1112 346 1150 omnia
364 1125 477 1150 onera
493 1111 599 1149 illius
618 1110 783 1148 ecclesie.

299 1228 537 1265 PRESTON,
591 1218 746 1256 Vicaria
773 1217 816 1255 in
844 1216 999 1255 ecclesia
1027 1216 1075 1253 de
1102 1216 1265 1254 Preston
1292 1228 1366 1265 que
1393 1218 1451 1253 est
1472 1214 1609 1265 prioris
1638 1216 1676 1252 et

218 1277 430 1312 conventus
450 1271 636 1310 Daventr’
666 1271 890 1309 auctoritate
918 1270 1072 1308 concilii
1097 1271 1152 1307 sic
1180 1273 1238 1307 est
1256 1269 1441 1307 ordinata.
1498 1269 1677 1307 Vicarius

217 1327 377 1365 habebit
404 1326 559 1364 nomine
587 1326 727 1364 vicarie
753 1337 821 1362 sue
848 1327 974 1362 totum
1002 1324 1226 1373 altaragium
1254 1327 1292 1361 et
1311 1323 1476 1361 decimas
1503 1322 1677 1361 valentes

218 1381 348 1431 xxiijs.
379 1393 527 1418 annuos
554 1392 622 1430 per
647 1378 973 1417 Archidiaconum
1006 1377 1254 1427 assignandos
1281 1377 1323 1415 in
1351 1380 1451 1415 certo
1478 1377 1561 1414 loco
1590 1388 1678 1414 cum

218 1448 352 1473 manso
391 1436 640 1484 competente.
715 1432 768 1470 Et
813 1432 972 1470 habebit
1017 1444 1260 1469 communam
1299 1434 1453 1481 pasture
1489 1433 1678 1480 quantum

220 1489 387 1539 pertinet
431 1488 481 1526 ad
525 1500 642 1525 unam
686 1487 872 1536 virgatam
917 1489 1024 1523 terre.
1109 1485 1162 1523 Et
1197 1485 1376 1523 monachi
1421 1484 1679 1535 procurabunt

220 1542 436 1593 hospicium
462 1541 736 1580 Archidiaconi
763 1543 800 1578 et
828 1539 991 1578 vicarius
1019 1539 1142 1577 solvet
1171 1539 1367 1577 sinodalia.

306 1659 539 1693 κΑΤΤΕΒγ,
592 1648 746 1686 Vicaria
767 1648 810 1685 in
831 1646 1060 1697 parrochiali
1081 1647 1236 1685 ecclesia
1259 1646 1307 1684 de
1329 1646 1505 1695 Katteby
1529 1659 1602 1695 que
1623 1648 1681 1683 est

224 1704 449 1742 monialium
462 1703 607 1740 ibidem
620 1702 794 1740 ordinata
808 1704 864 1739 est
879 1701 978 1739 sicut
991 1701 1132 1739 vicaria
1143 1701 1191 1738 de
1204 1700 1451 1739 Chaucumbe
1464 1713 1506 1737 eo
1519 1703 1679 1749 excepto

223 1758 328 1808 quod
342 1757 406 1795 1116
420 1756 616 1795 sufficiunt
631 1755 772 1794 vicario
787 1768 841 1794 xv
855 1754 969 1793 solidi
982 1767 1050 1804 pro
1066 1754 1270 1804 stipendiis
1285 1757 1323 1792 et
1337 1758 1506 1805 preterea.
1519 1753 1680 1791 habebit

223 1812 386 1851 vicarius
400 1811 654 1850 obvenciones
673 1813 711 1848 et
731 1809 986 1848 confessiones
1003 1809 1047 1847 in
1065 1808 1328 1859 quadraginta.

304 1927 608 1963 ετΑνΕΒΤοΝ,
657 1917 811 1955 Vicaria
824 1916 866 1954 in
881 1916 1036 1954 ecclesia
1050 1916 1097 1954 de
1112 1916 1319 1955 Staverton
1333 1928 1407 1965 que
1422 1918 1478 1953 est
1493 1915 1629 1965 prioris
1644 1918 1683 1953 et

226 1975 438 2012 conventus
457 1971 504 2009 de
522 1970 709 2009 Daventr'
727 1971 901 2009 ordinata
918 1971 961 2008 in
979 1970 1083 2008 hunc
1111 1970 1279 2008 modum.
1329 1970 1507 2008 Vicarius
1525 1968 1684 2007 habebit

226 2027 382 2065 nomine
413 2025 553 2064 vicarie
591 2037 659 2063 sue
690 2028 818 2062 totum
847 2024 1073 2074 altaragium
1104 2024 1210 2061 illius
1241 2023 1396 2062 ecclesie
1433 2036 1520 2062 cum
1551 2035 1682 2061 manso

227 2082 467 2130 competente
497 2078 680 2117 solvendo
705 2078 892 2116 sinodalia
919 2081 958 2116 et
987 2077 1164 2116 monachi
1191 2077 1450 2127 procurabunt
1468 2077 1681 2127 hospicium

230 2133 502 2173 Archidiaconi
521 2136 560 2171 et
577 2133 652 2171 alia
671 2145 784 2171 onera
802 2132 933 2170 debita
951 2135 989 2170 et
1008 2135 1189 2170 consueta
1209 2131 1466 2171 sustinebunt.

312 2249 580 2285 ῠΑνΕΝΤΒΕ,
617 2239 770 2278 Vicaria
783 2240 826 2277 in
840 2239 994 2278 ecclesie
1016 2239 1242 2289 parrochiali
1261 2239 1308 2278 de
1327 2238 1513 2278 Daventr'
1532 2251 1607 2288 que
1626 2240 1684 2276 est

229 2295 365 2346 prioris
396 2297 435 2332 et
467 2296 679 2332 conventus
709 2293 855 2331 ibidem
886 2294 1110 2332 auctoritate
1142 2293 1294 2332 concilii
1324 2293 1367 2331 in
1393 2293 1498 2331 hunc
1525 2292 1682 2330 modum

231 2350 440 2388 ordinatur.
496 2347 672 2386 Vicarius
685 2348 844 2386 habebit
862 2348 1018 2386 nomine
1036 2348 1175 2386 vicarie
1194 2360 1260 2385 sue
1278 2347 1354 2385 sibi
1372 2351 1411 2385 et
1429 2347 1597 2397 garcioni
1614 2359 1682 2384 suo

232 2402 439 2442 necessaria
455 2402 581 2440 victus
599 2402 641 2439 in
658 2402 829 2451 prioratu
848 2414 934 2440 cum
953 2402 1083 2439 debita
1100 2401 1299 2440 honestate
1317 2404 1357 2439 et
1382 2413 1501 2439 unam
1518 2413 1683 2438 marcam

232 2469 398 2496 annuam
431 2468 500 2506 pro
532 2456 735 2506 stipendiis
766 2458 806 2493 et
836 2456 1047 2494 secundum
1074 2455 1241 2506 legatum
1273 2468 1385 2493 suum
1412 2468 1532 2505 usque
1560 2454 1610 2492 ad
1640 2454 1681 2503 vj

233 2511 406 2549 denarios
425 2513 463 2548 et
481 2509 585 2559 quod
602 2510 703 2548 ultra
721 2509 837 2548 fuerit
856 2509 931 2559 ipsi
948 2509 1127 2548 monachi
1154 2512 1193 2547 et
1220 2509 1384 2549 vicarius
1412 2508 1682 2547 dimidiabunt.

232 2564 406 2603 Habebit
425 2563 544 2602 eciam
565 2576 695 2602 omnes
719 2564 927 2613 peticiones
955 2576 1041 2601 suas
1067 2566 1105 2601 et
1132 2563 1306 2601 denarios
1328 2563 1497 2601 missales
1517 2575 1585 2612 pro
1603 2565 1686 2600 tota

231 2617 428 2669 parrochia
472 2617 520 2655 de
565 2617 749 2656 Daventr’
794 2620 919 2668 preter
962 2629 1079 2667 quam
1122 2617 1165 2655 in
1201 2617 1385 2655 Weleton
1420 2629 1508 2655 cum
1554 2628 1686 2654 manso

233 2673 473 2722 competente
500 2673 608 2709 extra
634 2674 782 2721 portam
809 2671 1007 2721 prioratus.
1066 2671 1148 2721 Ipsi
1169 2683 1260 2709 vero
1287 2670 1467 2709 monachi
1484 2670 1686 2708 invenient

233 2726 374 2765 vicario
394 2725 497 2763 dicto
527 2725 730 2763 diaconum
761 2729 800 2763 et
832 2726 960 2763 omnia
991 2737 1104 2763 onera
1129 2725 1235 2763 illius
1253 2725 1408 2763 ecclesie
1426 2724 1683 2762 sustinebunt.

234 2779 407 2818 Habebit
424 2782 553 2817 autem
570 2780 733 2817 vicarius
760 2779 998 2829 capellanum
1025 2779 1170 2831 socium
1196 2779 1239 2817 in
1266 2779 1411 2828 capella
1437 2778 1485 2817 de
1504 2778 1687 2815 Weleton

234 2833 415 2872 continue
433 2845 500 2882 per
518 2832 644 2882 ipsum
662 2833 944 2871 ministrantem
963 2833 1031 2882 qui
1048 2832 1205 2882 quidem
1223 2833 1441 2882 capellanus
1464 2831 1624 2870 habebit
1642 2831 1684 2880 iij

238 2899 380 2926 marcas
398 2889 499 2925 certo
518 2886 600 2925 loco
619 2886 864 2937 assignandas
878 2889 916 2926 et
930 2887 1139 2937 peticiones
1157 2890 1196 2925 et
1215 2886 1389 2926 denarios
1408 2899 1498 2925 suos
1515 2885 1686 2924 missales
