1844 3178
666 347 872 382 11110οΝ16
903 349 1067 383 WELLS.
1548 338 1602 380 17

224 454 606 490 HADESHOWERE.
644 447 797 486 Vicaria
823 448 866 485 in
893 447 1049 486 ecclesia
1076 447 1124 485 de
1152 446 1411 485 Hadeshowre
1438 460 1513 497 que
1541 452 1599 486 est

141 502 316 552 priorisse
335 505 373 539 et
390 501 614 540 monialium
639 501 685 539 de
705 502 885 540 Merlawe
905 499 1063 554 [blank]

220 615 469 650 wicuMBE.
507 608 660 646 Vicaria
678 609 720 646 in
738 608 893 646 ecclesia
921 608 969 645 de
988 608 1192 646 Wicumbe
1221 621 1294 657 que
1314 610 1371 646 est
1389 607 1598 647 Abbatisse

141 665 180 700 et
200 662 424 700 monialium
444 662 492 699 de
511 663 738 701 Godestowe
751 663 976 699 auctoritate
994 663 1147 700 concilii
1166 662 1339 700 ordinata
1358 665 1415 699 est
1433 662 1476 699 in
1495 663 1598 700 hunc

141 717 309 754 modum.
367 716 545 754 Vicarius
572 716 731 754 habebit
758 716 914 753 nomine
934 713 1006 768 [fo.
1029 714 1089 768 5¹0]
1110 716 1249 754 vicarie
1267 728 1333 753 sue
1352 716 1596 754 medietatem

141 771 312 808 omnium
332 770 574 807 oblacionum
599 773 636 807 et
656 770 937 808 obvencionum
964 770 1093 807 altaris
1122 783 1208 807 cum
1236 772 1317 807 tota
1336 769 1482 807 decima
1501 771 1599 808 casei

139 827 177 862 et
197 824 374 862 omnibus
394 824 476 861 ovis
494 824 537 861 in
554 824 687 873 vigilia
704 823 844 873 pasche
863 824 911 861 ad
928 823 1052 873 ipsam
1067 823 1261 861 ecclesiam
1280 824 1597 872 provenientibus

139 881 177 915 et
206 878 384 915 omnibus
412 878 569 915 decimis
597 890 775 915 aucarum
808 881 845 915 et
877 877 920 914 in
953 877 1131 915 omnibus
1168 877 1324 914 decimis
1352 877 1597 926 gardinorum

138 932 238 969 infra
253 932 424 980 Burgum
440 931 609 980 exceptis
624 931 887 968 oblacionibus
903 934 940 968 et
955 931 1258 968 obvencionibus
1271 934 1434 980 quatuor
1450 927 1598 969 dierum

137 998 205 1035 per
223 999 368 1023 annum
387 985 531 1022 scilicet
551 985 629 1022 diei
651 985 932 1034 purificacionis
960 985 1038 1021 diei
1066 997 1285 1034 parasceves
1305 985 1384 1022 diei
1402 985 1540 1034 pasche
1560 989 1598 1023 et

139 1039 216 1077 diei
234 1039 482 1077 exaltacionis
498 1038 636 1076 Sancte
652 1039 784 1077 Crucis
799 1041 837 1076 et
856 1039 1026 1088 exceptis
1047 1039 1225 1076 omnibus
1245 1038 1402 1076 decimis
1421 1038 1507 1076 lane
1526 1039 1599 1077 lini

137 1106 320 1143 agnorum
340 1092 590 1142 parcellorum
609 1095 646 1129 et
665 1093 875 1130 vitulorum
903 1105 990 1130 cum
1009 1092 1156 1129 vitulus
1175 1093 1322 1141 integer
1341 1093 1539 1130 obvenerit
1559 1097 1597 1130 et

138 1147 307 1196 exceptis
335 1146 513 1184 omnibus
542 1146 698 1183 decimis
731 1146 926 1183 fructuum
955 1146 1200 1195 gardinorum
1229 1149 1267 1183 et
1296 1149 1463 1183 ortorum
1492 1150 1599 1184 extra

137 1201 310 1249 Burgum
329 1203 367 1237 et
385 1203 468 1237 tota
487 1200 633 1237 decima
652 1200 849 1237 cardorum
869 1200 937 1249 qui
951 1200 999 1237 ad
1015 1199 1182 1237 officium
1197 1200 1388 1237 fullonum
1402 1201 1598 1249 pertinent

136 1257 218 1291 tam
237 1254 337 1291 infra
355 1254 527 1303 Burgum
554 1266 670 1303 quam
698 1256 806 1291 extra
833 1253 1003 1303 exceptis
1031 1253 1149 1291 eciam
1176 1254 1354 1291 omnibus
1382 1254 1464 1292 ovis
1490 1258 1598 1292 extra

136 1308 309 1357 vigiliam
327 1308 466 1357 pasche
484 1307 532 1344 ad
546 1308 668 1356 ipsam
684 1307 881 1345 ecclesiam
894 1307 1209 1356 provenientibus
1229 1310 1267 1345 et
1281 1307 1387 1344 omni
1401 1307 1598 1345 oblacione

137 1361 293 1399 candele
326 1375 392 1410 per
425 1363 549 1398 totum
581 1374 726 1398 annum
759 1364 885 1410 preter
917 1361 1114 1398 candelam
1146 1374 1220 1410 que
1253 1361 1430 1410 provenit
1461 1361 1597 1399 diebus

136 1415 338 1452 dominicis
366 1415 416 1453 ad
443 1415 560 1452 altare
592 1428 678 1452 cum
711 1427 809 1463 pane
841 1414 1114 1452 benedicendo.
1173 1414 1257 1462 Que
1277 1415 1406 1451 omnia
1424 1416 1598 1464 superius

135 1473 294 1518 excepta
308 1469 357 1506 ad
371 1469 619 1506 Abbatissam
632 1471 670 1505 et
684 1468 873 1505 Moniales
889 1469 937 1505 de
953 1468 1159 1506 Godestow
1173 1469 1319 1517 integre
1333 1469 1594 1517 pertinebunt.

135 1522 313 1560 Vicarius
332 1526 460 1560 autem
478 1522 637 1560 habebit
656 1535 832 1559 mansum
860 1522 895 1559 ei
923 1523 1157 1571 assignatum
1177 1523 1224 1559 ab
1245 1522 1442 1560 occidente
1462 1522 1598 1561 domus

135 1577 341 1615 Abbatisse
370 1580 408 1614 et
435 1576 558 1614 solvet
585 1576 773 1613 sinodalia
800 1578 840 1613 et
867 1576 1056 1614 Moniales
1084 1576 1299 1625 hospicium
1322 1576 1596 1615 Archidiaconi

135 1630 404 1680 procurabunt.

213 1744 482 1778 TYREFEUD.
519 1737 673 1776 Vicaria
689 1737 732 1775 in
751 1737 908 1777 ecclesia
926 1737 974 1775 de
992 1737 1183 1787 Tyrefeud
1202 1750 1276 1787 que
1296 1741 1353 1776 est
1371 1738 1538 1777 Abbatis
1558 1742 1596 1777 61

135 1791 360 1830 Conventus
389 1791 436 1829 de
469 1791 507 1830 S.
538 1792 692 1829 Albano
718 1792 943 1830 auctoritate
962 1791 1115 1830 concilii
1134 1792 1309 1830 ordinata
1336 1795 1394 1830 est
1421 1793 1464 1830 in
1492 1793 1596 1831 hunc

134 1846 301 1884 modum.
351 1845 529 1884 Vicarius
543 1845 703 1883 habebit
714 1846 871 1884 nomine
882 1846 1022 1884 vicarie
1034 1858 1100 1883 sue
1114 1849 1240 1883 totum
1252 1846 1476 1896 altaragium
1490 1847 1596 1885 illius

133 1900 289 1937 ecclesie
308 1912 394 1937 cum
413 1900 568 1937 redditu
590 1901 707 1937 assiso
736 1903 774 1937 et
801 1903 883 1937 tota
910 1904 1009 1937 terra
1037 1899 1230 1937 dominica
1248 1900 1420 1949 ejusdem
1439 1901 1595 1938 ecclesie

133 1957 171 1991 et
191 1967 278 1991 cum
297 1966 429 1991 manso
455 1957 694 2003 competente
722 1954 757 1991 ei
784 1953 1012 2003 assignando
1041 1957 1080 1991 et
1107 1953 1314 1991 sustinebit
1334 1954 1462 1991 omnia
1482 1968 1595 1993 onera

132 2008 322 2045 ordinaria
341 2008 471 2045 debita
489 2011 527 2045 et
555 2010 734 2045 consueta
760 2008 866 2045 illius
894 2007 1048 2045 ecclesie
1075 2011 1201 2057 preter
1228 2008 1442 2058 hospicium
1461 2009 1596 2047 Archi-

133 2061 283 2100 diaconi
302 2061 407 2111 quod
426 2061 603 2099 monachi
621 2062 784 2111 predicti
802 2061 1071 2111 procurabunt.

214 2175 516 2210 ΜΕΒΜΕΗΑΜ.
552 2169 707 2217 Vicaria
724 2169 766 2207 in
784 2169 941 2207 ecclesia
959 2169 1006 2207 de
1025 2168 1272 2207 Medmeham
1291 2169 1501 2219 parochiali
1520 2183 1595 2220 que

132 2226 188 2261 est
208 2223 373 2261 Abbatis
400 2226 438 2260 et
466 2227 677 2261 conventus
710 2222 803 2262 Cist'
836 2223 981 2261 ordinis
1012 2223 1158 2260 ibidem
1190 2224 1415 2261 auctoritate
1441 2225 1594 2262 concilii

131 2277 306 2314 ordinata
324 2277 499 2314 consistit
535 2277 578 2314 in
614 2280 695 2314 toto
715 2277 895 2326 altaragio
927 2277 1048 2326 ipsius
1085 2276 1240 2314 ecclesie
1276 2280 1314 2314 et
1351 2277 1394 2314 in
1433 2278 1602 2316 decimis*

130 2331 330 2379 garbarum
350 2331 463 2368 unius
481 2330 573 2368 hide
591 2343 707 2380 quam
725 2331 919 2368 Radulfus
938 2331 985 2368 de
1014 2330 1260 2368 Medmeham
1283 2333 1322 2368 et
1339 2334 1514 2369 tenentes
1534 2334 1594 2370 sui

130 2387 265 2422 tenent
284 2387 323 2422 et
341 2385 383 2421 in
402 2384 558 2422 decimis
578 2385 736 2422 dimidie
763 2384 908 2434 virgate
936 2397 1051 2433 quam
1078 2384 1181 2422 idem
1209 2384 1401 2422 Radulfus
1419 2388 1526 2423 tenet
1545 2387 1593 2424 de

130 2440 228 2475 terra
257 2438 304 2475 de
329 2438 512 2476 Witen'ie
539 2441 577 2476 et
604 2439 646 2476 in
675 2438 831 2477 decimis
861 2438 1019 2476 dimidie
1047 2438 1193 2488 virgate
1220 2441 1318 2476 terre
1346 2452 1462 2488 quam
1489 2440 1594 2478 idem

130 2491 320 2529 Radulfus
338 2495 445 2529 tenet
464 2492 512 2530 de
530 2492 684 2530 Abbate
704 2492 751 2529 de
771 2492 1019 2530 Medmeham
1045 2495 1083 2529 et
1102 2495 1262 2530 vocatur
1279 2493 1473 2531 Mullond'
1493 2497 1531 2532 et
1549 2495 1592 2532 in

130 2545 288 2583 decimis
308 2546 423 2582 unius
438 2545 581 2595 virgate
598 2559 711 2595 quam
726 2545 754 2583 J
755 2546 924 2584 ohannes
939 2549 978 2583 et
992 2546 1157 2584 Thomas
1173 2546 1220 2584 de
1235 2546 1400 2584 Radeslo
1415 2547 1592 2586 homines

129 2599 279 2637 abbatis
298 2599 345 2637 de
363 2599 610 2637 Medmeham
629 2603 762 2638 tenent
791 2603 829 2638 et
856 2599 1018 2637 dimidia
1045 2612 1128 2637 acra
1156 2601 1256 2650 prati
1283 2601 1325 2638 in
1354 2600 1591 2639 Cherlemed’

130 2653 339 2690 secundum
359 2653 464 2702 quod
481 2653 558 2690 foi-s
577 2654 737 2703 singulis
757 2653 869 2691 annis
897 2653 1057 2691 eandem
1085 2654 1289 2692 contulerit
1316 2657 1355 2692 et
1379 2655 1421 2692 in
1440 2655 1590 2693 duabus

128 2707 224 2745 acris
242 2711 339 2745 terre
357 2707 511 2745 arabilis
531 2720 616 2745 cum
634 2720 767 2745 manso
787 2711 1036 2757 competente.

210 2819 528 2857 GHALSHUNT.
564 2813 718 2852 Vicaria
735 2815 778 2852 in
797 2814 954 2852 ecclesia
972 2815 1020 2853 de
1036 2814 1256 2854 Chalshunt
1273 2828 1348 2865 que
1367 2818 1424 2854 est
1440 2816 1590 2855 abbatis

128 2871 167 2906 et
199 2871 411 2907 conventus
444 2868 492 2906 de
524 2868 754 2906 Messenden
786 2869 985 2906 exdudum
1017 2869 1192 2907 ordinata
1223 2871 1399 2907 consistit
1432 2871 1474 2907 in
1508 2875 1589 2909 toto

858 2937 885 2968 B
