1844 3178
258 354 313 399 78
774 365 913 399 LIBER
942 365 1178 406 ANTIQUUS

335 462 635 550 ῗῖῗὲἓᾶἓξὲἳόο.
712 507 878 547 Noverit
919 509 1148 547 universitas
1192 511 1320 547 vestra
1360 521 1431 547 nos
1476 509 1524 548 de
1562 522 1719 548 assensu

259 565 432 615 Capituli
459 563 581 602 nostri
608 562 714 600 Linc'
745 562 875 600 divine
902 564 1057 613 pietatis
1082 563 1231 600 intuitu
1249 563 1476 601 concessisse
1504 567 1541 601 et
1570 564 1719 602 dedisse

259 623 298 657 et
316 620 386 657 hac
406 621 502 656 carta
534 620 664 654 nostra
691 616 932 654 confirmasse
960 618 1111 655 dilectis
1139 617 1182 654 in
1218 616 1372 655 Christo
1409 617 1499 655 filiis
1535 618 1652 667 priori
1681 622 1719 656 et

258 673 468 712 conventui
497 671 535 710 S.
565 670 721 708 Andree
758 670 805 708 de
842 670 1123 720 Norhampton’
1161 671 1358 709 ecclesiam
1386 671 1433 708 de
1475 671 1649 709 Preston’
1676 672 1720 709 111

256 740 349 766 116116
367 726 539 777 proprios
558 724 855 762 convertendam
878 725 983 763 salva
1001 725 1142 763 vicaria
1169 727 1353 774 perpetua
1379 738 1495 774 quam
1523 726 1720 764 constitui-

255 794 342 819 mus
360 782 403 819 in
423 780 563 818 eadem.
624 778 751 817 Salvis
783 779 903 816 eciam
933 780 977 817 in
1010 779 1188 817 omnibus
1221 778 1287 817 &a
1351 780 1558 818 Ordinacio
1577 780 1720 818 vicarie

254 836 430 884 ejusdem.
480 832 668 872 Consistit
686 835 816 871 autem
835 833 938 871 dicta
952 833 1091 871 vicaria
1109 833 1153 871 in
1171 832 1353 882 altaragio
1374 833 1546 883 ejusdem
1565 834 1720 872 ecclesie

256 893 295 928 et
312 889 356 927 in
374 901 506 926 manso
525 887 675 936 aliaque
693 889 793 924 terra
810 890 893 925 tota
911 887 960 925 ad
988 887 1147 925 eandem
1176 887 1373 925 ecclesiam
1395 888 1612 937 pertinente
1628 901 1636 925 ε
1664 888 1720 926 ita

256 943 361 993 quod
381 943 507 980 dictus
526 941 629 991 prior
647 943 685 979 et
705 944 919 979 conventus
938 941 1133 991 quoddam
1151 941 1330 979 horreum
1356 942 1399 979 in
1426 944 1534 991 parte
1553 941 1720 991 quadam

254 997 378 1047 ipsius
413 996 538 1033 mansi
573 995 742 1033 habeant
787 995 836 1032 ad
871 995 1031 1033 bladum
1076 1008 1190 1033 suum
1225 995 1268 1032 in
1314 1008 1356 1033 60
1402 996 1563 1045 singulis
1610 996 1721 1033 annis

257 1050 532 1101 reponendum.
592 1049 642 1086 In
674 1049 792 1098 hujus
823 1051 951 1087 autem
979 1049 1034 1087 rei
1066 1048 1132 1088 &c
1191 1049 1370 1087 Testibus
1390 1048 1456 1088 850.
1478 1050 1719 1099 1106111116111

259 1108 360 1143 carta
378 1105 564 1154 proxima,
582 1104 752 1153 exceptis
766 1103 962 1153 Magistris
977 1103 1039 1141 W.
1058 1103 1105 1141 de
1121 1102 1265 1142 Welles
1284 1106 1322 1142 et
1339 1103 1400 1142 W.
1419 1103 1467 1141 de
1482 1103 1716 1154 Staueneby.

258 1159 349 1197 Dat'
369 1162 413 1196 ut
432 1158 475 1196 in
494 1160 595 1196 carta
613 1157 788 1209 proxima
805 1157 1035 1208 precedenti.

336 1263 692 1299 MESSEWORTH.

337 1311 542 1350 Universis
579 1310 647 1349 &e
722 1309 788 1348 Ad
833 1309 1096 1348 universitatis
1136 1312 1261 1348 vestre
1306 1309 1490 1348 noticiam
1541 1309 1721 1348 volumus

256 1366 457 1416 provenire
488 1378 560 1403 nos
596 1364 729 1403 divine
761 1365 917 1414 pietatis
952 1365 1101 1402 intuitu
1137 1364 1185 1402 de
1222 1377 1378 1402 assensu
1408 1364 1580 1414 Capituli
1612 1364 1721 1402 Linc'

257 1420 412 1458 ecclesie
458 1419 686 1457 concessisse
738 1422 777 1456 et
822 1418 893 1456 hac
939 1418 1108 1468 presenti
1155 1421 1257 1456 carta
1302 1421 1432 1456 nostra
1483 1418 1724 1456 confirmasse

260 1474 410 1512 dilectis
457 1474 501 1511 in
547 1473 702 1511 Christo
752 1472 842 1510 filiis
893 1472 1019 1510 Priori
1070 1475 1108 1510 et
1159 1472 1366 1511 Canonicis
1411 1473 1459 1510 de
1516 1473 1724 1511 Caldewell

259 1528 416 1566 ecclesie
448 1528 496 1566 de
528 1527 781 1565 Messeworth
813 1527 984 1576 patronis
1016 1539 1147 1564 omnes
1180 1526 1345 1564 decimas
1363 1526 1470 1564 bladi
1493 1526 1542 1564 ad
1562 1526 1724 1564 eandem

259 1582 456 1620 ecclesiam
488 1582 725 1631 pertinentes
755 1584 843 1631 post
879 1581 1076 1619 decessum
1120 1581 1184 1619 vel
1230 1581 1437 1618 cessionem
1474 1581 1607 1618 dilecti
1651 1580 1723 1618 filii

260 1636 438 1687 Magistri
457 1635 613 1674 Ricardi
631 1635 679 1673 de
697 1635 902 1683 Tingherst
920 1635 962 1673 in
981 1648 1073 1673 usus
1091 1635 1262 1685 proprios
1282 1635 1568 1674 convertendas.

340 1753 616 1789 ΟΒΒΙΝΑΟΙΟ
634 1743 776 1782 vicarie
794 1743 970 1791 ejusdem.

342 1799 457 1838 Salva
475 1799 616 1838 vicario
636 1798 705 1847 qui
722 1798 764 1835 in
784 1798 916 1836 eadem
935 1797 1092 1836 ecclesia
1114 1797 1320 1835 institutus
1342 1797 1459 1835 fuerit
1481 1797 1597 1835 tercia
1615 1799 1722 1847 parte

259 1853 493 1891 decimarum
518 1853 565 1891 de
590 1852 717 1903 garbis
740 1852 787 1890 de
813 1852 1006 1890 dominico
1029 1852 1178 1890 domini
1204 1851 1384 1889 Turstani
1412 1852 1547 1890 Basset
1574 1855 1613 1889 et
1640 1855 1722 1890 toto

259 1908 439 1958 altaragio
456 1910 494 1945 et
508 1910 591 1944 tota
609 1910 709 1944 terra
724 1906 771 1943 ad
787 1906 947 1944 eandem
967 1906 1163 1944 ecclesiam
1180 1907 1398 1956 pertinente
1417 1909 1543 1955 preter
1560 1909 1724 1955 quatuor

259 1974 362 2000 acras
382 1974 476 2011 quas
495 1961 659 2010 predicti
677 1960 787 1998 Prior
806 1964 844 1998 et
864 1960 1050 1998 Canonici
1077 1961 1120 1998 in
1147 1961 1230 1998 loco
1258 1960 1490 2010 competenti
1509 1960 1559 1998 ad
1576 1960 1725 1997 inedifi-

260 2016 426 2053 candum
444 2016 623 2053 volumus
643 2015 836 2064 assignari.
894 2014 1005 2052 Idem
1025 2017 1153 2052 autem
1171 2015 1337 2052 vicarius
1356 2015 1502 2052 ibidem
1529 2015 1573 2052 in
1600 2014 1724 2052 officio

260 2070 484 2108 sacerdotali
503 2069 739 2107 ministrabit
758 2072 796 2107 et
815 2081 929 2106 onera
944 2069 1172 2119 episcopalia
1186 2067 1404 2108 sustinebit.
1463 2068 1590 2107 Salvis
1605 2069 1724 2106 eciam

260 2125 304 2162 in
332 2125 511 2162 omnibus
540 2124 607 2162 &e
664 2123 717 2160 Et
744 2126 789 2160 ut
816 2122 887 2160 hec
915 2126 1045 2161 nostra
1075 2123 1266 2160 concessio
1296 2125 1521 2173 perpetuam
1551 2122 1724 2160 obtineat

261 2178 481 2216 firmitatem
501 2177 670 2227 presenti
688 2177 829 2227 scripto
845 2177 1014 2226 sigillum
1029 2180 1202 2215 nostrum
1217 2190 1295 2215 una
1310 2190 1396 2215 cum
1412 2177 1536 2227 sigillo
1552 2176 1724 2226 ejusdem

263 2232 436 2282 Capituli
454 2235 510 2270 est
530 2232 758 2282 appositum.
816 2231 995 2269 Testibus
1014 2232 1074 2270 &c.
1146 2230 1237 2269 Dat'
1262 2232 1344 2280 &c.‚
1365 2235 1409 2269 ut
1428 2244 1543 2282 supra
1561 2232 1603 2269 in
1622 2234 1725 2269 carta

261 2287 398 2337 prioris
417 2289 455 2324 et
475 2288 686 2325 conventus
706 2285 753 2324 de
771 2285 934 2324 Riston’.

341 2405 418 2438 χω
452 2403 656 2440 ΜΑΒοΑὸ
675 2394 719 2431 in
740 2393 894 2432 eeclesia
913 2394 959 2432 de
982 2394 1082 2441 Toft.

343 2449 546 2487 Universis
566 2447 634 2486 &e
702 2448 866 2486 Noverit
884 2448 1115 2486 universitas
1134 2449 1261 2486 vestra
1279 2459 1349 2484 nos
1372 2447 1420 2484 de
1437 2459 1595 2485 assensu
1616 2446 1726 2497 Capi-

262 2502 336 2540 tuli
365 2502 488 2540 nostri
514 2502 621 2539 Linc'
658 2502 790 2540 divine
826 2502 981 2551 pietatis
1010 2502 1160 2540 intuitu
1188 2502 1415 2539 concessisse
1443 2504 1482 2538 et
1510 2500 1659 2539 dedisse
1687 2505 1725 2538 et

261 2557 430 2606 presenti
457 2559 558 2594 carta
585 2559 716 2594 nostra
734 2555 974 2594 confirmasse
993 2556 1142 2593 dilectis
1170 2555 1212 2593 in
1242 2555 1396 2594 Christo
1423 2555 1514 2592 filiis
1543 2555 1669 2593 Priori
1687 2558 1726 2593 et

262 2610 471 2649 conventui
498 2611 546 2647 de
573 2610 730 2648 Friston
758 2610 961 2648 duodecim
988 2622 1131 2648 marcas
1149 2622 1296 2647 annuas
1315 2609 1358 2646 in
1377 2609 1533 2647 ecclesia
1562 2609 1609 2647 de
1632 2609 1723 2647 Toft

262 2665 434 2702 decetero
453 2664 609 2702 nomine
628 2665 804 2714 perpetui
821 2664 997 2702 beneficii
1016 2663 1278 2714 percipiendas
1296 2676 1365 2713 per
1381 2677 1519 2701 manus
1541 2663 1649 2701 Petri
1675 2663 1723 2700 de

263 2719 377 2756 Bath'
395 2731 554 2769 persone
574 2718 746 2768 ejusdem
766 2718 921 2756 ecclesie
941 2721 980 2756 et
998 2731 1255 2756 successorum
1284 2730 1440 2755 suorum
1459 2717 1506 2755 de
1525 2730 1601 2767 qua
1620 2717 1726 2766 prius

196 2777 200 2785 '
261 2775 416 2811 tantum
434 2785 502 2810 sex
526 2785 670 2810 marcas
689 2773 880 2822 percipere
900 2775 1192 2810 consueverunt.
1249 2771 1374 2810 Salvis
1397 2772 1440 2809 in
1463 2772 1643 2809 omnibus
1662 2771 1723 2809 Sco.

261 2827 312 2864 In
331 2827 449 2876 hujus
467 2827 585 2876 igitur
598 2827 653 2864 rei
666 2827 782 2864 robur
797 2829 834 2864 et
849 2826 1114 2864 testimonium
1128 2824 1299 2875 sigillum
1312 2829 1486 2864 nostrum
1500 2828 1539 2864 et
1553 2825 1723 2874 sigillum

262 2881 436 2930 Capituli
453 2881 576 2919 nostri
593 2880 700 2918 Linc'
719 2881 810 2919 huic
834 2881 973 2930 scripto
992 2883 1084 2919 sunt
1103 2880 1288 2930 apposita.
1347 2879 1526 2918 Testibus
1545 2882 1589 2917 ut
1607 2891 1721 2928 supra

262 2935 304 2972 in
324 2938 426 2995 carta
445 2935 630 2984 proxima,
651 2938 810 2985 excepto
829 2935 945 2973 Petro
965 2934 1013 2972 de
1032 2934 1208 2973 Bathon'.
1268 2934 1359 2973 Dat'
1375 2936 1419 2972 ut
1438 2946 1552 2984 supra
1565 2934 1608 2971 in
1621 2935 1723 2971 carta

262 3001 447 3039 proxima.
