1844 3178
714 337 919 371 HUGONIS
952 337 1118 372 WELLS.
1594 329 1647 370 55

274 444 643 479 ΒΗΑ-ιΝρΕΒυΒΘ,
698 434 852 472 Vicaria
887 435 929 472 in
957 435 1113 474 ecclesia
1143 436 1191 473 de
1216 435 1482 486 Billingeburg
1509 437 1563 474 sic
1591 441 1648 476 est

193 489 376 527 ordinata.
443 489 619 526 Vicarius
657 488 815 526 habebit
853 492 978 526 totum
1017 490 1243 539 altaragium
1281 492 1318 527 et
1350 493 1472 526 totam
1509 493 1646 530 terram

189 543 236 581 ad
257 542 415 580 eandem
436 542 629 580 ecclesiam
657 543 912 591 pertinentem
933 555 1019 580 cum
1040 543 1217 581 domibus
1238 546 1276 581 et
1295 543 1379 580 aliis
1398 543 1645 592 pertinenciis

187 596 366 634 omnibus
400 600 439 634 et
470 596 713 634 libertatibus
745 597 824 633 suis
857 597 899 633 in
931 597 1051 645 pratis
1083 598 1232 646 pascuis
1265 601 1303 634 et
1335 597 1377 634 in
1409 598 1574 646 pasturis
1607 602 1644 636 et

187 649 368 688 turbariis
384 664 391 687 :
423 653 460 687 et
479 650 591 687 faciet
609 649 857 687 residenciam
872 649 913 686 in
931 650 1062 687 eadem
1079 651 1234 689 ecclesia
1251 651 1293 688 in
1314 650 1466 700 propria
1484 663 1645 700 persona

189 707 227 741 et
245 704 288 741 in
303 703 425 741 officio
440 703 662 741 sacerdotali
675 703 918 741 ministrabit.
976 704 1166 742 Moniales
1180 717 1270 743 vero
1283 704 1331 742 de
1346 704 1644 754 Sempingeham

187 757 399 807 percipient
411 758 556 807 integre
565 757 729 794 decimas
741 757 938 806 garbarum
946 786 953 801 ,
961 757 1111 796 solvent
1123 758 1374 807 synodalia,et
1386 759 1645 807 procurabunt

187 811 403 860 hospicium
430 811 714 857 Archidiaconi,
744 814 781 848 et
809 812 937 848 omnia
960 811 1034 848 alia
1062 824 1176 849 onera
1204 812 1357 850 ecclesie
1385 812 1643 851 sustinebunt.

187 864 302 902 Valet
330 868 459 902 autem
485 868 567 902 tota
595 864 750 902 ecclesia
777 865 862 913 xiiij
893 865 1017 902 marc.'
1073 866 1227 903 Vicaria
1245 879 1272 904 v
1290 865 1402 903 marc'
1431 869 1469 903 et
1497 866 1646 904 dimid.’

186 919 238 956 Et
258 922 315 956 est
338 919 511 956 ordinata
526 931 593 968 per
611 918 839 968 Magistrum
854 918 1112 968 Reginaldum
1129 919 1176 957 de
1192 919 1311 959 Cestr’
1326 923 1419 957 tunc
1435 919 1648 960 officialem.

268 1022 490 1056 κιΒκΕΒγ,
545 1013 699 1051 Vicaria
735 1014 776 1050 in
814 1014 971 1051 ecclesia
999 1014 1046 1051 de
1075 1013 1254 1063 Kirkeby
1282 1014 1321 1053 S.
1353 1014 1460 1052 Petri
1484 1027 1559 1064 que
1592 1019 1650 1053 est

187 1067 394 1105 eorundem
422 1067 598 1104 consistit
625 1067 667 1104 in
695 1070 776 1104 toto
805 1067 984 1116 altaragio
1013 1071 1138 1117 preter
1163 1068 1301 1115 linum,
1344 1068 1528 1106 solvendo
1557 1069 1649 1107 inde

187 1121 387 1158 annuatim
407 1121 539 1158 domui
567 1121 614 1158 de
644 1121 961 1171 Sempringeham
985 1121 1115 1159 decem
1134 1122 1299 1160 solidos:
1328 1124 1366 1159 et
1384 1122 1466 1172 ipse
1485 1123 1587 1172 prior
1612 1126 1650 1161 et

188 1177 401 1213 conventus
420 1174 677 1224 procurabunt
705 1175 919 1223 hospicium
947 1175 1221 1213 Archidiaconi
1240 1179 1279 1213 et
1298 1179 1421 1214 cetera
1439 1189 1552 1215 onera
1570 1181 1651 1215 tam

188 1229 378 1266 ordinaria
398 1241 513 1278 quam
533 1229 831 1266 extraordinaria
845 1229 887 1266 in
901 1232 1130 1278 perpetuum
1144 1230 1402 1278 sustinebunt,
1421 1233 1459 1268 et
1477 1231 1651 1280 provide-

186 1282 286 1321 bunt
305 1283 446 1321 vicario
466 1283 514 1320 de
532 1283 642 1321 tofto.
699 1282 752 1320 Et
771 1286 828 1320 est
847 1283 988 1321 vicaria
1005 1283 1062 1333 iiij
1084 1296 1306 1322 marcarum.

267 1379 332 1412 ΑΝ
340 1378 554 1413 ΕΟΑεΤΒ,’
589 1368 742 1407 Vicaria
760 1369 802 1407 in
822 1369 977 1407 ecclesia
996 1370 1044 1407 de
1062 1370 1259 1408 Anecastr'
1283 1382 1356 1420 que
1376 1373 1434 1408 est
1456 1371 1592 1420 prioris
1615 1374 1654 1409 et

188 1427 400 1461 conventus
429 1424 477 1461 de
505 1423 679 1461 Mealton
708 1423 882 1461 consistit
910 1424 953 1461 in
980 1426 1063 1461 toto
1083 1424 1265 1473 altaragio
1285 1437 1372 1461 cum
1391 1424 1491 1462 tofto
1511 1425 1652 1474 assign-

189 1477 300 1525 ando,
322 1477 505 1515 solvendo
525 1477 727 1515 annuatim
747 1477 879 1515 domui
894 1477 941 1515 de
953 1477 1127 1515 Mealton
1145 1491 1200 1515 xx
1216 1478 1358 1516 solidos
1375 1493 1382 1516 :
1412 1482 1449 1516 et
1463 1479 1539 1528 ipsi
1553 1480 1656 1529 prior

189 1534 228 1569 et
247 1534 457 1569 conventus
484 1531 744 1581 procurabunt
771 1530 989 1580 hospicium
1015 1531 1292 1570 Archidiaconi
1321 1536 1359 1570 et
1388 1536 1511 1570 cetera
1539 1546 1653 1571 onera

187 1588 266 1622 tam
295 1585 486 1623 ordinaria
504 1598 619 1634 quam
638 1585 939 1623 extraordinaria
962 1586 1211 1623 sustinebunt
1238 1585 1281 1623 in
1307 1589 1546 1636 perpetuum.
1603 1587 1656 1625 Et

188 1642 246 1677 est
263 1639 404 1678 vicaria
423 1652 449 1678 v
467 1651 688 1677 marcarum.

271 1735 570 1769 Bit-[ANGt-:f-ffi.
634 1725 787 1764 Vicaria
805 1727 847 1763 in
867 1726 1022 1764 ecclesia
1044 1726 1091 1764 de
1111 1726 1330 1776 Billingehe
1349 1739 1423 1777 que
1443 1730 1500 1765 est
1518 1728 1655 1778 prioris

189 1784 227 1818 et
247 1783 459 1818 conventus
478 1780 525 1818 de
547 1780 697 1819 Cattele
716 1780 891 1818 consistit
917 1781 959 1817 in
985 1783 1067 1818 toto
1094 1780 1273 1830 altaragio
1294 1794 1380 1818 cum
1399 1781 1498 1819 tofto
1513 1782 1655 1832 assign-

188 1834 287 1872 ando
314 1837 439 1884 preter
464 1834 589 1872 linum
615 1839 652 1872 et
680 1835 849 1885 primum
874 1835 1067 1884 legatum:
1098 1838 1135 1872 et
1157 1835 1233 1884 ipsi
1257 1836 1360 1885 prior
1378 1838 1416 1873 et
1438 1840 1652 1873 conventus

186 1888 446 1938 procurabunt
474 1888 690 1938 hospicium
718 1888 992 1926 Archidiaconi
1020 1892 1059 1926 et
1081 1892 1204 1926 cetera
1233 1902 1346 1927 onera
1364 1892 1442 1927 tam
1463 1890 1654 1928 ordinaria

187 1955 303 1992 quam
323 1942 622 1980 extraordinaria
639 1943 682 1981 in
701 1945 928 1993 perpetuum
954 1942 1213 1981 sustinebunt.
1270 1943 1323 1980 Et
1342 1946 1399 1981 est
1418 1943 1558 1982 vicaria
1578 1944 1654 1982 fere

188 1996 359 2046 quinque
378 2008 599 2034 marcarum.

271 2092 493 2127 DlGGEBY,
551 2084 704 2121 Vicaria
732 2085 775 2121 in
802 2084 958 2122 ecclesia
986 2084 1033 2122 de
1062 2084 1242 2134 Diggeby
1270 2097 1345 2134 que
1368 2087 1426 2122 est
1444 2085 1652 2123 eorundem

188 2139 364 2177 consistit
384 2139 426 2175 in
443 2141 525 2176 toto
546 2138 727 2187 altaragio
753 2141 880 2188 preter
902 2138 1027 2176 linum
1047 2141 1086 2175 et
1104 2139 1273 2187 primum
1301 2139 1468 2188 legatum
1484 2153 1491 2177 :
1520 2142 1559 2177 et
1576 2139 1654 2189 ipsi

188 2193 290 2243 prior
317 2196 355 2230 et
383 2195 594 2230 conventus
622 2193 881 2242 procurabunt
909 2192 1126 2241 hospicium
1159 2192 1433 2230 Archidiaconi
1460 2196 1498 2230 et
1527 2196 1651 2232 cetera

188 2259 302 2285 onera
320 2246 361 2284 in
381 2250 608 2296 perpetuum
627 2246 884 2284 sustinebunt.
943 2246 995 2284 Et
1016 2249 1073 2284 est
1092 2247 1233 2284 vicaria
1252 2246 1308 2296 iiij
1329 2259 1551 2285 marcarum.

834 2334 916 2383 [ΕΟ.
941 2331 1039 2382 16η.

268 2412 467 2447 ΑΜΕννιο
520 2402 692 2456 [Quarta
719 2404 918 2442 ordinacio
946 2407 1000 2442 est
1025 2404 1066 2442 in
1096 2407 1306 2453 quaterno.
1338 2434 1346 2442 .
1378 2434 1386 2442 .
1418 2405 1464 2443 de
1483 2408 1647 2454 tempore

188 2459 371 2508 Episcopi
383 2456 615 2511 Huyonisss}
645 2458 800 2496 Vicaria
814 2458 855 2495 in
871 2458 1042 2508 quinque
1056 2459 1230 2508 partibus
1246 2458 1400 2497 ecclesie
1415 2459 1463 2497 de
1475 2459 1647 2498 Amewic

189 2526 263 2562 que
282 2517 339 2550 est
358 2512 564 2550 eorundem
582 2525 650 2562 per
668 2512 899 2562 Magistrum
927 2512 1018 2562 Reg.
1042 2512 1089 2549 de
1119 2511 1238 2550 Cestr'
1258 2516 1352 2550 tunc
1375 2513 1574 2551 officialem
1592 2515 1647 2551 sic

188 2570 247 2605 est
265 2567 448 2605 ordinata.
506 2566 682 2604 Vicarius
701 2566 860 2604 habebit
877 2566 1049 2615 quinque
1067 2569 1192 2616 partes
1211 2566 1383 2616 altaragii
1402 2570 1439 2604 et
1458 2567 1645 2606 decimam

187 2621 388 2671 garbarum
415 2620 534 2658 totius
561 2620 746 2658 dominici
774 2620 945 2669 ejusdem
973 2620 1065 2658 ville
1092 2623 1130 2657 et
1158 2620 1345 2658 decimam
1373 2621 1488 2658 unius
1507 2621 1647 2660 bovate

187 2679 285 2713 terre
322 2687 437 2724 quam
473 2674 593 2711 Fulco
630 2675 756 2712 tenuit
796 2679 835 2711 et
870 2678 992 2711 totam
1028 2677 1167 2711 terram
1198 2677 1436 2723 spectantem
1472 2675 1521 2712 ad
1557 2675 1644 2713 illas

187 2730 358 2778 quinque
396 2731 521 2777 partes
556 2741 643 2766 cum
679 2728 859 2766 turbariis
895 2731 933 2766 et
970 2727 1149 2765 omnibus
1185 2728 1271 2766 aliis
1312 2729 1559 2778 pertinenciis
1605 2732 1643 2766 et

186 2782 429 2821 libertatibus
465 2783 553 2820 suis.
610 2782 720 2819 Prior
755 2786 884 2820 autem
921 2784 960 2819 et
995 2784 1209 2820 conventus
1254 2795 1350 2820 onus
1391 2783 1644 2832 reparacionis

186 2836 371 2874 librorum
390 2836 707 2874 vestimentorum
725 2839 763 2874 et
782 2835 939 2874 cancelli
959 2838 998 2873 et
1017 2836 1091 2874 alia
1117 2848 1230 2874 onera
1248 2836 1377 2874 omnia
1395 2837 1643 2875 sustinebunt

187 2897 312 2940 preter
330 2890 529 2940 synodalia
547 2902 622 2939 que
641 2893 794 2928 tantum
812 2890 976 2928 vicarius
994 2890 1128 2928 solvet.

597 2978 610 2993 ⁸·
623 2976 656 3002 In
669 2976 718 3002 the
730 2976 842 3008 margin
854 2975 884 3002 in
897 2983 913 3002 a
925 2977 1140 3008 contemporary
1152 2975 1236 3001 hand.
