1844 3178
734 321 942 356 HUGONIS
972 322 1137 355 WELLS.
1623 315 1677 355 39

302 429 557 464 MULETON,
623 420 778 458 Vicaria
795 420 837 457 in
857 420 1012 459 66616616
1039 420 1086 458 (16
1114 419 1293 458 Μ11161ο11
1320 431 1395 469 que
1413 423 1471 458 est
1489 422 1624 470 prioris
1643 427 1682 462 et

221 477 434 513 conventus
455 474 493 512 S.
515 473 670 512 Andree
699 474 739 512 N
741 474 996 524 orthampton'
1025 474 1222 512 exdudum
1251 473 1426 511 ordinata
1445 477 1620 514 consistit
1638 478 1682 516 in

220 528 398 566 omnibus
418 528 466 565 ad
486 528 680 566 ecclesiam
699 528 820 578 ipsam
841 528 1123 577 pertinentibus
1138 531 1263 577 preter
1277 527 1461 565 decimam
1480 530 1682 578 garbarum

220 581 429 619 secundum
447 584 620 619 tenorem
638 585 738 620 carte
757 582 946 619 dictorum
961 582 1234 619 monachorum
1249 581 1361 619 nobis
1376 581 1548 621 exhibite
1567 597 1682 634 quam

221 635 452 673 Benedictus
470 636 635 673 vicarius
653 635 855 673 institutus
873 635 989 674 habet
1007 636 1055 673 de
1074 635 1226 673 eisdem.

301 784 630 819 (ΞΗΙιοΕΒυΒο,
684 775 838 814 Vicaria
873 776 917 813 in
953 775 1110 814 ecclesia
1147 775 1195 813 de
1234 774 1474 814 Ghildeburc
1512 788 1586 825 que
1626 781 1683 815 est

220 829 553 878 hospitalariorum
585 828 784 868 exdudum
820 829 994 867 ordinata
1032 830 1206 867 consistit
1241 829 1280 867 in
1315 832 1398 867 toto
1431 829 1611 879 altar-agio
1644 835 1682 869 et

221 882 381 920 dimidia
407 882 555 931 virgata
581 886 678 921 terre
706 896 792 921 cum
819 883 1067 933 pertinenciis
1096 887 1133 921 et
1161 896 1249 921 cum
1282 895 1414 921 manso
1444 887 1683 933 competente

219 936 393 974 nondum
412 937 602 986 assignato
618 951 626 975 :
654 937 842 975 admissus
869 940 998 975 autem
1018 937 1205 975 Ricardus
1222 937 1386 974 vicarius
1405 939 1444 974 et
1465 937 1681 986 institutus,

219 991 275 1028 ita
302 989 406 1040 quod
432 1003 500 1040 per
527 990 599 1028 hoc
626 991 748 1029 nichil
775 991 875 1040 juris
911 994 1097 1029 accrescat
1133 991 1196 1029 vel
1224 990 1413 1029 decrescat
1442 993 1613 1040 patronis
1640 992 1683 1030 111

220 1044 375 1082 ecclesia
396 1047 611 1083 memorata.

303 1194 498 1229 ΕεεΕΒΥ,
552 1185 707 1223 Vicaria
733 1185 776 1223 in
804 1185 959 1224 66616616
987 1185 1034 1224 (16
1061 1186 1210 1236 Esseby
1233 1199 1307 1236 que
1334 1189 1392 1224 est
1410 1186 1684 1224 monachorum

221 1239 269 1277 de
287 1238 473 1277 Daventr'
492 1239 717 1277 auctoritate
737 1240 890 1277 concilii
908 1240 1083 1278 ordinata
1102 1240 1277 1278 consistit
1298 1240 1339 1277 in
1360 1240 1605 1290 porcionibus
1624 1241 1681 1290 iiij

220 1293 332 1331 marc'
353 1293 465 1331 certis
479 1293 538 1331 illi
557 1293 605 1331 de
622 1293 756 1331 eadem
768 1293 924 1331 ecclesia
935 1307 1002 1343 per
1015 1293 1341 1332 Archidiaconum
1355 1294 1431 1332 1661
1446 1294 1685 1343 assignandis

223 1360 311 1385 cum
329 1359 460 1384 manso
480 1349 719 1396 competente
737 1361 744 1385 :
773 1350 811 1385 et
830 1348 954 1386 solvet
966 1348 1130 1386 vicarius
1145 1348 1344 1395 sinodalia,
1359 1348 1538 1386 monachi
1556 1352 1684 1386 autem

222 1402 350 1439 omnia
370 1401 445 1439 alia
464 1413 577 1439 onera
596 1401 727 1439 debita
747 1403 785 1439 et
804 1404 984 1440 consueta
1001 1401 1258 1440 sustinebunt,

301 1550 612 1586 WELLEFORD.
649 1541 803 1580 Vicaria
814 1541 857 1579 in
870 1541 1026 1580 ecclesia
1041 1541 1089 1579 de
1101 1541 1315 1579 Welleford
1330 1555 1404 1592 que
1416 1545 1473 1580 est
1485 1543 1635 1581 abbatis
1648 1546 1686 1581 et

223 1600 435 1635 conventus
455 1595 502 1633 de
528 1595 675 1645 Suleby
703 1595 929 1633 auctoritate
957 1595 1109 1633 concilii
1137 1596 1313 1634 ordinata
1341 1597 1517 1635 consistit
1543 1597 1585 1635 in
1604 1601 1685 1635 toto

222 1650 402 1699 altaragio
421 1649 522 1687 dicte
542 1649 697 1687 ecclesie
732 1662 820 1687 cum
852 1649 1014 1687 minutis
1046 1649 1204 1688 decimis
1231 1662 1306 1700 que
1333 1651 1465 1688 valent
1484 1651 1553 1700 viij
1574 1651 1685 1689 marc’

221 1704 338 1742 salvis
377 1703 491 1741 dictis
523 1703 655 1741 abbati
683 1706 721 1741 et
750 1703 959 1741 conventui
986 1704 1028 1753 iij
1063 1703 1175 1741 marc'
1203 1704 1343 1742 annuis
1370 1704 1418 1742 de
1451 1705 1605 1744 eadem:
1639 1705 1687 1742 (16

222 1757 404 1796 oneribus
422 1757 545 1795 nichil
559 1759 617 1795 est
636 1757 867 1795 ordinatum.

307 1907 575 1942 fflssgssunu
583 1907 621 1941 Ε.
658 1897 812 1936 Vicaria
838 1897 881 1935 in
906 1897 1062 1936 ecclesia
1082 1898 1130 1936 de
1148 1898 1350 1936 Lilleburn
1369 1912 1443 1949 que
1462 1901 1520 1937 est
1538 1898 1688 1937 abbatis

229 1956 268 1991 et
283 1956 495 1991 conventus
514 1951 711 1990 Leircestr’
726 1952 950 1990 auctoritate
964 1952 1117 1990 concilii
1136 1953 1310 1991 ordinata
1328 1953 1505 1991 consistit
1523 1950 1684 2005 [blank]

304 2102 442 2137 WEST
473 2101 696 2140 ΗΑΟΒΟΝ,
756 2092 909 2131 Vicaria
927 2093 970 2131 in
988 2093 1145 2132 66616616
1163 2094 1211 2131 (16
1229 2094 1342 2132 West
1360 2093 1518 2132 haddon
1536 2107 1610 2144 que
1630 2097 1687 2132 661

226 2146 499 2186 monachorum
518 2145 565 2183 (16
584 2145 770 2184 Daventr'
786 2148 1022 2185 auctoritate
1051 2147 1203 2186 concilii
1235 2148 1409 2186 ordinata
1441 2149 1617 2186 consistit
1644 2149 1686 2186 in

225 2205 308 2240 toto
336 2200 515 2250 altaragio
544 2212 632 2238 cum
658 2212 793 2239 manso
821 2204 1060 2252 competente
1089 2205 1127 2240 et
1155 2202 1280 2240 solvet
1307 2202 1472 2240 vicarius
1499 2202 1687 2241 sinodalia

224 2258 386 2294 tantum.
436 2252 622 2293 Monachi
639 2266 730 2292 vero
750 2258 872 2294 cetera
889 2269 1005 2294 onera
1024 2255 1154 2294 debita
1172 2259 1210 2294 et
1228 2259 1409 2295 6611611616
1426 2256 1683 2295 sustinebunt.

309 2406 524 2440 DUSTON,
561 2396 716 2435 Vicaria
730 2396 772 2434 in
786 2395 941 2434 ecclesia
953 2396 1000 2434 (16
1014 2396 1170 2435 Duston
1185 2409 1260 2446 que
1279 2399 1337 2434 est
1355 2397 1624 2435 canonicorum
1644 2398 1683 2437 S.

223 2451 252 2488 J
254 2451 363 2488 acobi
381 2450 422 2488 N
423 2450 681 2500 orthampton'
700 2451 925 2489 auctoritate
945 2450 1097 2488 concilii
1128 2451 1304 2488 ordinata
1336 2452 1511 2489 consistit
1542 2452 1583 2489 in
1603 2455 1685 2489 toto

228 2504 409 2553 altaragio
441 2516 529 2541 cum
562 2516 694 2542 manso
727 2508 966 2554 competente
999 2508 1037 2542 et
1072 2504 1206 2542 reddet
1241 2504 1333 2542 inde
1368 2506 1533 2543 vicarius
1568 2518 1686 2543 unam

226 2571 391 2596 marcam
409 2570 577 2595 annuam
597 2558 787 2596 canonicis
806 2559 1020 2597 antedictis.
1079 2558 1253 2596 Habebit
1267 2558 1385 2596 6616111
1403 2559 1507 2596 1(16111
1521 2559 1686 2597 vicarius

226 2615 348 2650 totam
376 2611 559 2661 capellam
586 2611 695 2649 beate
723 2612 936 2662 Margarete
964 2625 1050 2650 611111
1078 2612 1153 2650 6116
1180 2625 1312 2650 11161166
1331 2612 1526 2650 reddendo
1545 2614 1636 2651 inde
1655 2614 1682 2663 ij

227 2678 370 2704 marcas
398 2665 542 2703 eisdem
569 2666 762 2704 canonicis
789 2666 989 2704 annuatim
1016 2666 1058 2704 in
1085 2679 1161 2716 qua
1188 2666 1362 2704 inveniet
1381 2667 1619 2716 capellanum
1647 2672 1686 2704 et

227 2720 351 2758 solvet
383 2719 579 2757 sinodalia.
647 2719 835 2758 Canonici
868 2733 958 2758 vero
1003 2720 1262 2769 procurabunt
1299 2720 1513 2770 hospicium
1552 2721 1684 2760 Archi·

227 2773 388 2812 diaconi.
