1844 3178
234 341 290 381 80
750 347 888 381 LIBER
916 346 1152 388 ANTIQuus
1210 328 1215 331 χ

231 451 274 489 in
305 450 480 488 futurum
511 449 603 485 sunt
629 445 807 495 adepturi
833 445 1059 484 auctoritate
1085 457 1162 495 qua
1187 444 1387 495 fungimur
1413 443 1691 482 confirmamus.

233 504 323 543 Hiis
341 502 520 541 Testibus
539 500 708 539 Roberto
727 499 993 538 archidiacono
1013 497 1139 537 Hunt’
1151 512 1163 547 3
1192 498 1379 549 Magistro
1402 497 1617 548 Reginaldo
1646 497 1694 536 de

233 557 366 604 Cestr’,
387 557 536 605 Rogero
570 553 776 603 capellano,
796 553 910 591 Petro
943 553 991 591 de
1022 552 1148 600 Bath',
1180 552 1313 590 canon'
1346 552 1480 601 Linc'3
1509 552 1696 601 Magistro

231 611 396 651 Ricardo
412 610 459 647 de
473 608 696 657 Tinghurst‚
717 607 832 645 Petro
852 607 900 645 de
918 606 1084 654 Wflton,
1100 606 1249 656 Rogero
1264 606 1312 644 de
1327 606 1480 653 Bohun,
1500 605 1698 655 Stephano

233 666 281 705 de
318 663 487 710 Cicestr',
525 665 563 700 et
599 662 695 700 aliis.
780 660 870 699 Dat'
907 674 975 710 per
1010 673 1176 698 manum
1211 660 1418 698 Willielmi
1455 660 1502 698 de
1539 659 1697 698 Tornac’

234 718 491 759 archidiaconi
538 716 666 755 Stowe
711 715 816 765 apud
870 714 1090 758 Meidestan
1125 713 1243 753 tercio
1280 713 1434 753 kalend’
1459 712 1698 764 Septembris

233 773 480 825 pontificatus
499 770 622 808 nostri
640 781 741 808 anno
760 769 830 819 vj0.

311 876 590 913 THOUFELD.

314 919 518 958 Universis
556 918 616 955 &a
692 915 858 954 Noverit
893 915 1125 954 universitas
1159 916 1288 953 vestra
1333 926 1404 952 nos
1450 912 1498 951 de
1544 925 1702 957 assensu

234 973 407 1024 Capituli
435 972 557 1009 nostri
584 969 693 1008 Linc'
713 970 847 1008 divine
873 969 1029 1019 pietatis
1055 968 1205 1007 intuitu
1232 968 1460 1006 concessisse
1483 969 1523 1005 et
1550 967 1702 1005 dedisse

234 1031 274 1066 et
304 1027 472 1078 presenti
505 1028 608 1063 carta
639 1027 769 1062 nostra
802 1024 1043 1062 confirmasse
1076 1022 1227 1061 dilectis
1267 1023 1311 1060 in
1353 1021 1507 1060 Christo
1549 1021 1703 1059 filiabus

234 1082 419 1119 Priorisse
438 1082 476 1118 et
495 1078 718 1118 Conventui
733 1078 780 1116 de
795 1077 940 1127 Garing
958 1076 1155 1115 ecclesiam
1173 1076 1222 1115 de
1240 1075 1406 1115 Toufeld
1420 1088 1495 1126 que
1509 1074 1557 1113 de
1572 1088 1702 1113 earum

234 1135 489 1174 advocacione
507 1136 565 1171 est
584 1136 706 1171 totam
725 1133 769 1170 in
788 1144 880 1169 usus
899 1132 1073 1181 proprios
1091 1131 1141 1169 ad
1159 1143 1199 1169 se
1218 1130 1464 1169 vestiendum
1483 1133 1704 1168 converten-

235 1189 325 1228 dam
343 1192 381 1227 et
399 1189 685 1238 imperpetuum
703 1186 984 1236 possidendam.
1034 1185 1149 1224 Salva
1168 1187 1352 1235 perpetua
1369 1184 1511 1222 vicaria
1531 1183 1704 1233 quinque

235 1255 446 1282 marcarum
457 1242 598 1280 vicario
611 1241 732 1290 quiin
744 1239 877 1278 eadem
891 1239 1048 1278 ecclesia
1058 1240 1100 1277 in
1112 1239 1265 1289 propria
1279 1250 1439 1288 persona
1454 1237 1700 1276 ministrabit.

236 1297 363 1336 Salvis
401 1296 520 1334 eciam
555 1295 598 1332 in
635 1295 815 1333 omnibus
852 1294 913 1332 Sec.
989 1293 1040 1331 In
1076 1293 1193 1342 hujus
1239 1293 1357 1342 igitur
1401 1291 1457 1329 rei
1504 1291 1620 1329 robur
1666 1294 1704 1329 et

234 1351 500 1389 testimonium
519 1349 689 1398 sigillum
707 1351 882 1386 nostrum
900 1350 939 1386 et
958 1347 1128 1397 sigillum
1148 1347 1322 1396 Capituli
1341 1345 1464 1384 nostri
1482 1345 1590 1383 Linc’
1610 1345 1701 1383 huic

234 1406 376 1454 scripto
396 1407 488 1442 sunt
506 1404 691 1453 apposita.
750 1402 929 1440 Testibus
956 1404 1001 1440 ut
1029 1414 1143 1451 supra
1170 1401 1214 1438 in
1239 1403 1340 1438 carta
1362 1400 1537 1450 proxima
1555 1399 1704 1437 adiecto

234 1458 276 1497 hi
294 1459 481 1508 Magistro
500 1457 546 1496 R.
570 1457 617 1495 de
638 1456 800 1496 Grauel'.
859 1455 950 1494 Dat’
978 1468 1046 1505 per
1074 1468 1232 1493 manum
1251 1454 1457 1493 Willielmi
1477 1454 1525 1492 de
1544 1452 1704 1491 Tornac’

236 1513 364 1552 archd'
381 1512 509 1551 Stowe
524 1511 628 1562 apud
644 1510 755 1550 Cant'
767 1510 844 1551 kal.
861 1509 1100 1560 Septembris
1115 1509 1361 1560 pontificatus
1376 1509 1500 1546 nostri
1514 1520 1615 1546 anno
1631 1508 1702 1558 vj0.

316 1618 601 1700 ssltfiizvigscijs'zgc.
661 1659 727 1697 Ad
754 1658 1018 1697 universitatis
1045 1659 1170 1696 vestre
1198 1657 1382 1695 noticiam
1413 1656 1593 1695 volumus
1625 1667 1708 1705 per-

237 1716 369 1755 venire
396 1727 467 1753 nos
503 1714 552 1752 de
589 1726 746 1752 assensu
773 1713 913 1762 Rogeri
945 1712 1081 1750 decani
1117 1715 1156 1750 et
1196 1711 1369 1761 Capituli
1405 1709 1513 1749 Linc'
1551 1709 1707 1747 ecclesie

238 1771 371 1809 divine
398 1769 554 1819 pietatis
571 1768 720 1806 intuitu
739 1767 968 1807 concessisse
987 1766 1137 1804 dilectis
1155 1765 1246 1803 filiis
1265 1765 1413 1803 Abbati
1435 1767 1474 1803 et
1493 1763 1705 1802 conventui

238 1825 286 1862 de
313 1823 554 1862 Keinesham
582 1834 714 1860 omnes
748 1822 914 1859 decimas
941 1824 980 1859 et
1008 1820 1107 1859 solas
1134 1820 1337 1870 garbarum
1359 1819 1466 1857 bladi
1485 1818 1640 1857 ecclesie
1660 1817 1708 1855 de

237 1878 428 1916 Bureford
455 1880 494 1915 et
522 1876 666 1927 capelle
695 1876 742 1914 de
768 1876 956 1914 Fulebroc
994 1888 1081 1913 cum
1117 1874 1310 1923 mesuagio
1346 1873 1515 1911 matricis
1552 1871 1708 1910 ecclesie

237 1933 343 1982 quod.
361 1932 410 1970 ad
429 1943 630 1982 personam
648 1931 817 1980 pertinet
843 1930 887 1967 in
913 1929 1086 1980 proprios
1104 1941 1197 1967 usus
1216 1927 1494 1968 convertendas
1513 1929 1552 1965 et
1568 1927 1705 1976 imper-

238 1990 400 2037 petuum
422 1985 687 2037 possidendas,

319 2103 596 2138 ΟΒΒΙΝΑΟΙΟ
615 2092 756 2131 vicarie
775 2091 951 2141 ejusdem.

319 2148 385 2186 Ad
400 2151 624 2198 perpetuam
638 2159 728 2186 vero
744 2147 926 2185 vicariam
940 2148 1022 2184 tota
1035 2147 1136 2184 terra
1155 2143 1310 2183 ecclesie
1325 2146 1365 2182 et
1379 2143 1523 2194 capelle
1537 2142 1707 2193 predicte

240 2206 280 2242 et
297 2203 537 2252 mesuagium
554 2202 604 2240 ad
621 2204 847 2251 perpetuam
869 2200 1051 2239 vicariam
1078 2199 1275 2249 pertinens
1302 2201 1342 2237 et
1370 2198 1499 2236 omnia
1527 2198 1601 2236 alia
1628 2201 1709 2236 tam

239 2258 289 2296 ad
321 2257 520 2295 matricem
561 2256 757 2294 ecclesiam
796 2267 912 2305 quam
948 2254 999 2292 ad
1043 2254 1228 2304 capellam
1264 2253 1502 2303 pertinencia
1538 2252 1709 2301 exceptis

239 2311 422 2362 predictis
449 2310 649 2361 garbarum
677 2310 836 2348 decimis
863 2312 901 2347 et
928 2309 1122 2357 mesuagio
1150 2309 1435 2357 imperpetuum
1453 2306 1706 2357 pertinebunt

239 2365 469 2415 assignanda
485 2364 619 2402 usibus
639 2365 817 2414 perpetui
834 2363 969 2402 vicarii
987 2362 1056 2412 qui
1074 2362 1123 2399 ad
1142 2362 1471 2411 presentacionem
1499 2360 1707 2399 eoruudem

240 2419 407 2458 Abbatis
427 2422 465 2457 et
488 2419 713 2458 Conventus
741 2419 783 2456 in
810 2417 994 2468 predictis
1024 2416 1179 2454 ecclesia
1198 2418 1236 2454 et
1255 2415 1400 2465 capella
1421 2415 1709 2453 ministraturus

241 2477 280 2512 et
299 2474 501 2512 diocesano
521 2473 698 2522 episcopo
717 2472 834 2510 fuerit
853 2471 1068 2509 institutus.
1129 2469 1255 2508 Salvis
1272 2470 1316 2507 in
1338 2469 1517 2508 omnibus
1537 2469 1596 2508 Sao.
1656 2469 1709 2506 Et

239 2531 285 2566 ut
303 2528 375 2565 hec
394 2528 586 2565 concessio
605 2530 735 2564 nostra
754 2528 978 2576 perpetuam
1001 2525 1175 2563 obtineat
1196 2524 1418 2562 firmitatem
1437 2536 1521 2561 eam
1539 2523 1709 2572 presenti

240 2582 382 2632 scripto
401 2583 440 2619 et
459 2581 576 2630 sigilli
594 2581 716 2618 nostri
735 2580 979 2630 apposicione
1008 2579 1192 2616 duximus
1220 2578 1443 2616 confirmari.
1502 2577 1568 2615 Ad
1593 2589 1709 2627 quam

240 2637 360 2675 eciam
389 2635 706 2673 corroborandam
734 2634 959 2684 Capitulum
977 2633 1084 2671 Linc'
1105 2632 1261 2670 ecclesie
1279 2632 1447 2681 sigillum
1476 2644 1590 2669 suum
1616 2631 1709 2669 fecit

240 2689 418 2740 appendi.
459 2689 549 2727 Hiis
563 2689 754 2735 Testibus,
770 2688 941 2726 Domino
961 2687 1100 2726 Joscel'
1120 2686 1232 2724 Bath'
1253 2686 1443 2736 Episcopo
1464 2688 1502 2723 et
1522 2685 1708 2732 Glaston',

241 2745 391 2793 Rogero
419 2743 562 2781 decano
591 2743 711 2790 Linc',
731 2743 759 2781 J
761 2742 912 2781 ohanne
932 2740 1069 2789 Oxon',
1099 2741 1268 2778 Roberto
1298 2739 1493 2778 Huntind’
1522 2739 1708 2777 archidia-

242 2798 360 2846 conis,
381 2801 419 2836 et
438 2797 603 2836 testibus
621 2797 707 2835 aliis
727 2810 842 2847 supra
859 2797 902 2834 in
921 2798 1023 2834 carta
1041 2794 1216 2845 proxima
1235 2794 1456 2844 prenotatis.
1532 2792 1622 2831 Dat'
1642 2805 1709 2842 per

242 2865 401 2890 manum
420 2852 485 2890 W.
511 2851 558 2889 de
577 2850 733 2889 Tornac’
762 2850 1021 2889 archidiaconi
1049 2849 1179 2888 Stowe
1206 2848 1311 2898 apud
1338 2847 1557 2886 Meidestan
1583 2847 1708 2897 pridie

242 2905 319 2945 kal.
342 2906 579 2956 Septembris
598 2905 846 2955 pontificatus
864 2904 988 2943 nostri
1006 2916 1108 2942 anno
1128 2905 1249 2942 sexto.
