1844 3178
666 333 828 368 HUGON
832 333 874 366 IS
903 333 1067 368 WELLS.
1541 327 1594 369 75

219 430 604 465 MESSEWORTHE.

221 475 423 513 Universis
436 474 503 512 διο.
561 472 725 511 Noverit
739 472 967 510 universitas
981 475 1107 511 vestra
1120 485 1191 511 nos
1206 473 1254 512 de
1269 486 1423 512 assensu
1438 477 1598 526 capituli

142 528 264 565 nostri
282 528 388 566 Linc'
411 528 542 565 divine
562 527 716 577 pietatis
742 526 890 563 intuitu
918 527 1145 564 concessisse
1164 530 1203 565 et
1221 528 1370 565 dedisse
1389 528 1538 567 dilectis
1557 532 1599 568 in

144 582 298 620 Christo
326 582 417 619 filiis
442 581 567 619 Priori
586 584 624 618 et
643 579 851 618 conventui
871 579 919 617 de
939 579 1143 618 Caldewell
1161 581 1204 630 iij
1225 594 1368 619 marcas
1385 595 1531 621 annuas
1557 585 1600 622 in

144 635 299 673 ecclesia
337 636 384 673 de
422 634 673 672 Messeworth
708 634 865 671 nomine
901 635 1075 682 perpetui
1112 635 1287 672 beneficii
1322 636 1595 685 percipiendas.

143 689 269 727 Salvis
289 689 330 726 in
351 688 540 736 omnibus,
563 687 630 726 Sec.
689 688 738 725 In
766 687 883 736 hujus
910 687 1039 736 igitur,
1068 687 1150 735 850„
1171 692 1214 726 ut
1241 701 1364 738 supra.
1421 690 1600 729 Testibus

142 746 187 780 ut
216 755 330 792 supra
359 743 402 780 in
433 743 617 792 proximo,
653 743 812 790 excepto
845 740 1030 790 Magistro
1067 741 1230 779 Ricardo
1268 743 1316 780 de
1351 743 1593 793 Tingehurst.

142 796 233 834 Dat’
248 796 350 846 apud
361 796 602 834 Lincolniam
616 795 692 844 xij0
703 794 855 832 kalend'
867 794 1012 844 Aprilis
1024 796 1269 844 pontificatus
1280 797 1401 835 nostri
1412 810 1513 836 anno
1525 799 1565 848 vj
1570 805 1597 837 ⁰.

226 913 276 947 ιω
299 913 502 947 ΜΑΒοΑε
530 915 680 940 annuas
707 902 752 940 de
779 901 931 940 ecelesia
958 902 1004 939 de
1031 903 1196 942 Morton.

223 956 426 995 Universis
447 956 594 995 Christi
611 956 791 993 fidelibus
810 957 877 994 &c.
953 955 1117 994 Noverit
1137 957 1367 996 universitas
1385 961 1513 997 vestra
1530 972 1601 998 nos

144 1010 192 1048 (16
220 1023 375 1048 assensu
403 1010 562 1060 capituli
589 1010 711 1047 nostri
737 1009 910 1047 Lincoln'
944 1009 1075 1047 divine
1102 1011 1256 1060 pietatis
1283 1012 1430 1050 intuitu
1454 1026 1602 1051 conces-

143 1065 236 1102 sisse
255 1067 294 1102 et
313 1064 462 1102 dedisse
481 1064 630 1101 dilectis
649 1064 691 1100 in
711 1063 866 1101 Christo
884 1063 975 1101 ffliis
989 1064 1112 1101 Priori
1126 1067 1165 1102 et
1179 1065 1369 1103 canonicis
1389 1066 1435 1104 de
1454 1067 1602 1116 Esseby

143 1118 186 1167 iij
214 1131 356 1155 marcas
384 1130 529 1155 annuas
552 1117 595 1154 in
617 1117 772 1155 ecclesia
790 1117 837 1154 de
856 1117 1015 1155 Morton
1041 1119 1197 1156 nomine
1223 1120 1398 1168 perpetui
1423 1120 1601 1159 beneficii

144 1172 416 1221 percipiendas.
462 1171 589 1210 Salvis
603 1171 645 1208 in
662 1171 849 1218 omnibus,
868 1170 934 1209 &e
979 1172 1028 1208 In
1043 1171 1159 1221 hujus
1174 1173 1301 1221 igitur,
1319 1173 1400 1221 δια,
1416 1178 1461 1212 ut
1475 1188 1599 1225 supra.

145 1226 323 1263 Testibus
343 1228 380 1263 et
395 1225 484 1263 Dat’
504 1228 548 1262 ut
568 1238 681 1274 supra
695 1225 737 1262 in
753 1228 854 1262 carta
868 1225 1137 1264 canonicorum
1151 1226 1198 1264 de
1213 1227 1369 1265 Brunna
1385 1228 1433 1265 de
1447 1229 1603 1267 ecclesia

145 1279 193 1317 de
212 1279 427 1328 Billesfeld,
449 1282 608 1329 excepto
629 1279 826 1329 Stephano
846 1279 893 1316 de
913 1279 1079 1318 Cicestr'.

223 1396 254 1429 ν
275 1396 478 1430 ΜΑΒοΑε
498 1399 647 1424 annuas
665 1386 708 1423 in
726 1386 879 1424 ecclesia
897 1387 943 1424 de
961 1387 1094 1424 Parva
1112 1387 1342 1426 Messenden.

226 1440 428 1479 Universis
441 1440 508 1478 &e
565 1440 730 1478 Noverit
743 1440 972 1478 universitas
985 1453 1055 1478 nos
1070 1440 1117 1478 de
1132 1453 1287 1479 assensu
1306 1442 1465 1492 capituli
1482 1445 1605 1482 nostri

146 1494 321 1532 Lincoin'
329 1494 460 1532 divine
471 1494 625 1544 pietatis
636 1494 784 1531 intuitu
794 1494 1019 1532 concessisse
1031 1497 1070 1532 et
1082 1494 1229 1532 dedisse
1240 1495 1390 1534 dilectis
1399 1497 1441 1534 in
1449 1497 1604 1536 Christo

146 1549 236 1586 filiis
254 1548 379 1585 Priori
394 1551 433 1586 et
447 1548 638 1586 canonicis
657 1548 705 1585 (16
724 1547 955 1585 Berencestr'
970 1560 997 1586 v
1010 1560 1152 1586 marcas
1168 1561 1314 1587 annuas
1329 1550 1372 1587 in
1386 1551 1543 1589 ecclesia
1557 1552 1605 1589 de

145 1602 270 1640 Parva
297 1602 528 1639 Messenden
555 1602 711 1639 nomine
737 1602 912 1651 perpetui
938 1602 1121 1639 beneficii
1147 1603 1420 1652 percipiendas.
1480 1604 1605 1644 Salvis

145 1656 188 1694 in
216 1656 406 1703 omnibus,
435 1657 503 1695 &c.
560 1655 611 1693 In
637 1655 755 1704 hujus
782 1655 910 1705 igitur,
940 1659 984 1693 ut
1012 1668 1135 1705 supra.
1192 1656 1371 1694 Testibus
1391 1661 1429 1695 et
1452 1658 1541 1697 Dat’
1560 1662 1606 1698 ut

146 1723 260 1760 supra
277 1710 321 1747 in
339 1713 441 1748 carta
459 1709 727 1748 canonicorum
746 1709 793 1747 (16
812 1710 948 1747 Brunn
967 1709 1015 1747 de
1034 1710 1190 1748 ecclesia
1209 1710 1256 1749 de
1274 1711 1484 1752 Billesfeld.

230 1827 297 1861 ιιω
320 1826 524 1861 ΜΑΒΟΑΞ
543 1830 693 1855 ammas
711 1817 753 1854 in
771 1817 924 1855 ecclesia
942 1818 988 1855 de
1007 1818 1233 1866 Dutinyton.

228 1871 431 1909 Universis
445 1870 512 1909 διο.
569 1871 734 1909 Noverit
748 1871 974 1909 universitas
988 1875 1115 1909 vestra
1129 1885 1199 1909 nos
1214 1871 1261 1909 de
1276 1885 1432 1911 assensu
1447 1875 1607 1924 capituli

147 1925 271 1963 nostri
288 1924 395 1962 Linc’
417 1925 549 1962 divine
567 1925 721 1974 pietatis
749 1925 897 1962 intuitu
924 1926 1152 1963 concessisse
1171 1929 1210 1963 et
1229 1925 1378 1965 dedisse
1397 1928 1546 1966 dilectis
1564 1930 1608 1967 in

150 1979 305 2019 Christo
331 1978 423 2016 filiis
450 1978 576 2016 Priori
603 1982 641 2016 et
669 1979 877 2016 conventui
904 1978 951 2016 de
978 1979 1019 2016 Ν
1021 1983 1130 2017 orton
1148 1979 1205 2029 iiij
1226 1992 1369 2019 marcas
1394 1994 1540 2020 annuas
1560 1983 1608 2020 de

150 2033 306 2072 ecclesia
322 2032 370 2070 de
384 2032 606 2083 Dutington
617 2032 771 2070 nomine
783 2033 958 2082 perpetui
968 2032 1145 2071 beneficii
1156 2033 1427 2083 percipiendas.
1481 2036 1608 2075 Salvis

150 2088 193 2125 in
212 2086 392 2125 omnibus
411 2086 477 2125 &c.
536 2087 586 2124 In
604 2086 721 2135 hujus
740 2086 869 2136 igitur,
889 2086 971 2134 δια,
991 2090 1036 2124 ut
1058 2099 1181 2136 supra,
1235 2087 1415 2127 Testibus
1447 2092 1486 2128 et
1516 2090 1607 2129 Dat'

151 2141 299 2193 (addito
319 2153 386 2190 per
408 2153 565 2179 manum
585 2140 649 2179 W.
672 2140 720 2178 de
739 2140 894 2178 Tornac'
922 2140 1196 2180 Archidiaconi
1224 2141 1394 2193 Stouwe)
1423 2146 1468 2182 ut
1494 2156 1609 2195 supra

147 2209 191 2234 111
208 2207 393 2246 proximo.

231 2312 332 2345 xxs.
368 2310 579 2345 ΑΝΝυο8
599 2301 642 2339 in
660 2301 813 2340 ecclesia
832 2302 877 2340 de
901 2302 1142 2342 Chieu'mont.

233 2355 437 2394 Universis
449 2355 516 2393 &Q
573 2355 738 2394 Noverit
752 2356 981 2394 universitas
995 2359 1120 2394 vestra
1134 2369 1204 2395 nos
1219 2357 1266 2395 de
1281 2370 1436 2397 assensu
1450 2359 1610 2410 capituli

153 2410 274 2448 nostri
285 2408 459 2447 Lincoln'
470 2409 603 2447 divine
617 2410 771 2459 pietatis
785 2409 933 2448 intuitu
945 2411 1171 2448 concessisse
1183 2414 1221 2449 et
1233 2411 1382 2450 dedisse
1394 2416 1431 2451 et
1442 2415 1610 2463 presenti

152 2468 254 2503 carta
264 2466 394 2501 nostra
405 2462 645 2501 confirmasse
658 2463 808 2501 dilectis
819 2464 861 2501 in
874 2464 1027 2502 Christo
1040 2465 1192 2503 filiabus
1203 2466 1386 2504 Priorisse
1399 2470 1436 2505 et
1448 2481 1610 2506 conven-

155 2519 214 2556 tui
228 2518 276 2556 de
288 2516 483 2556 Stainfeld
502 2530 557 2555 xx
576 2517 718 2555 solidos
737 2530 884 2556 annuos
902 2518 944 2555 in
964 2518 1120 2556 ecclesia
1134 2519 1181 2556 (16
1197 2519 1441 2559 Chieu'mont
1454 2523 1610 2560 nomine

149 2572 325 2622 perpetui
342 2569 522 2609 beneficii
549 2572 819 2621 percipiendos.
879 2571 1005 2610 Salvis
1024 2572 1066 2609 111
1085 2573 1274 2621 omnibus,
1295 2576 1364 2614 &c.
1422 2575 1472 2613 In
1490 2575 1608 2625 hujus

149 2627 278 2676 igitur,
308 2626 391 2672 &c.,
419 2628 464 2662 ut
490 2637 613 2674 supra.
671 2626 861 2673 Testibus,
900 2626 1085 2676 Magistro
1122 2626 1168 2664 R.
1209 2627 1256 2664 de
1294 2628 1424 2676 Cestr',
1460 2629 1609 2679 Rogero

152 2680 356 2729 capellano,
387 2678 502 2716 Petro
522 2679 568 2716 de
596 2679 772 2727 Bathon’,
795 2679 984 2717 canonicis
1009 2679 1117 2718 Linc'
1129 2694 1140 2728 3
1169 2680 1354 2730 Magistro
1374 2682 1542 2721 Roberto
1561 2684 1609 2723 de

152 2733 315 2780 Grauel’,
343 2732 530 2781 Magistro
566 2732 730 2771 Ricardo
759 2733 806 2771 de
833 2733 1077 2783 Tingehurst,
1106 2734 1291 2784 Magistro
1319 2735 1532 2775 WiHielmo
1561 2738 1609 2776 de

152 2787 357 2836 Navenby,
377 2787 525 2835 Rogero
553 2786 600 2824 de
628 2787 780 2834 Bohun,
811 2787 1008 2837 Stephano
1038 2787 1085 2825 de
1113 2787 1282 2836 Cicest1³‚
1302 2792 1340 2827 et
1366 2789 1460 2828 aliis.
1517 2791 1609 2829 Dat’

151 2854 218 2891 per
231 2854 367 2879 manus
382 2840 585 2878 Willielmi
599 2841 647 2878 de
658 2841 841 2879 Thornac’
856 2841 1130 2880 Arehidiaconi
1145 2841 1274 2881 Stowe
1287 2843 1391 2893 apud
1406 2844 1610 2884 Bannebir’

153 2895 208 2945 vij
229 2894 303 2933 kal.
328 2895 493 2944 Augusti
513 2895 759 2944 pontificatus
778 2896 899 2933 nostri
918 2908 1019 2934 anno
1039 2896 1108 2944 ij.
