1844 3178
238 378 293 418 98
767 387 905 421 LIBER
933 387 1171 428 ANTIQUUS

237 487 379 527 vicaria
397 500 465 526 sua
482 499 598 537 quam
617 484 734 524 habet
751 485 794 523 in
813 486 969 525 ecclesia
995 488 1203 524 memorata
1230 487 1268 524 et
1294 499 1423 525 annua
1442 487 1558 526 unius
1576 499 1700 526 marce

237 543 421 592 pensione
436 554 551 592 quam
565 540 669 578 idem
683 539 862 590 Nigellus
877 540 981 579 dicto
996 541 1143 591 Rogero
1158 540 1316 578 reddere
1330 541 1528 580 consuevit
1542 541 1701 580 cedente

237 598 280 634 in
295 596 606 646 supplementum
620 594 841 632 defectuum
855 594 1010 633 ecclesie
1024 594 1240 645 supradicte
1253 594 1337 645 ipso
1355 595 1394 633 N
1397 595 1511 645 igello
1529 596 1698 635 vivente.

238 651 291 689 Et
318 654 405 700 post
433 650 628 688 decessum
656 648 829 697 ejusdem
855 649 897 686 N
897 649 1004 698 igelli
1035 649 1078 687 in
1105 652 1354 698 augmentum
1380 650 1519 687 vicarie
1547 650 1702 688 ecclesie

238 707 445 742 memorate
489 704 774 753 imperpetuum
820 703 1020 752 assignata,
1094 702 1221 740 Iidem
1266 705 1395 741 autem
1432 703 1618 742 Canonici
1654 703 1702 741 de

239 757 431 808 Dunstap’
478 769 575 795 onus
620 756 786 806 hospicii
830 756 1104 795 Archidiaconi
1149 756 1408 795 sustinebunt.
1488 757 1615 796 Salvis
1659 758 1703 795 in

240 812 420 850 omnibus
440 811 507 850 &a
567 810 683 860 Quod
710 814 755 849 ut
781 813 1005 861 perpetuam
1033 811 1093 850 Sao.
1151 811 1331 850 Testibus
1359 814 1398 850 et
1415 811 1506 850 Dat'
1526 815 1571 850 ut
1589 824 1703 862 supra

242 870 343 905 carta
360 866 545 917 proxima.

320 984 345 1018 a
367 982 520 1017 MARG’
538 973 584 1011 de
603 973 756 1011 ecclesia
775 972 821 1010 de
839 973 911 1011 Est
937 972 1046 1012 Wik’.

321 1027 513 1066 Omnibus
546 1027 614 1065 &a
671 1027 836 1065 Noverit
868 1026 1099 1065 universitas
1130 1029 1258 1066 vestra
1289 1039 1360 1065 nos
1396 1026 1444 1065 de
1476 1039 1633 1065 assensu
1666 1030 1705 1066 et

240 1082 442 1121 voluntate
478 1081 706 1119 dilectorum
741 1081 784 1119 in
816 1080 971 1120 Christo
1008 1081 1080 1119 filii
1111 1081 1252 1131 Rogeri
1284 1081 1433 1119 Decani
1465 1084 1503 1119 et
1532 1081 1706 1131 Capituli

239 1137 363 1174 nostri
395 1135 504 1174 Linc’
534 1135 685 1173 dedisse
717 1138 756 1173 et
789 1135 1015 1173 concessisse
1053 1135 1203 1174 dilectis
1238 1136 1281 1173 in
1315 1135 1471 1175 Christo
1503 1135 1630 1173 Priori
1666 1139 1705 1174 et

240 1190 480 1229 Monialibus
500 1189 547 1228 de
566 1189 800 1228 Chikesand'
820 1202 937 1227 unam
965 1202 1130 1228 marcam
1158 1190 1305 1240 argenti
1324 1190 1372 1228 de
1391 1189 1548 1227 ecclesia
1567 1190 1615 1227 de
1634 1190 1705 1228 Est

239 1243 368 1283 Wich'
383 1247 472 1294 post
491 1244 688 1282 decessum
702 1243 864 1282 Roberti
877 1243 1059 1281 Dunelm’
1074 1244 1200 1282 clerici
1219 1245 1282 1282 cui
1300 1243 1459 1282 eandem
1480 1244 1706 1282 auctoritate

240 1298 393 1337 concilii
420 1298 504 1336 Lat'
532 1298 766 1336 contulimus
793 1311 861 1348 per
887 1310 1024 1336 manus
1050 1311 1180 1336 eorum
1208 1299 1276 1348 qui
1303 1299 1352 1336 ad
1379 1299 1705 1348 presentacionem

240 1353 431 1391 dictorum
467 1350 541 1405 [fo.
583 1350 671 1405 30¹³]
708 1352 853 1390 Prioris
889 1354 928 1390 et
965 1352 1198 1390 Monialium
1234 1365 1302 1402 pro
1339 1355 1510 1402 tempore
1547 1365 1707 1402 persone

239 1407 385 1445 fuerint
420 1407 464 1444 in
501 1405 657 1445 ecclesia
694 1406 842 1456 prefata
881 1407 1083 1444 annuatim
1128 1406 1284 1444 nomine
1319 1406 1496 1457 perpetui
1531 1406 1708 1444 beneficii

239 1461 535 1512 percipiendam.
595 1460 751 1499 Scilicet
778 1460 828 1499 ad
854 1460 997 1498 festum
1024 1460 1062 1499 S.
1084 1460 1287 1499 Michaelis
1315 1461 1514 1498 dimidiam
1542 1473 1707 1499 marcam

240 1519 279 1553 et
298 1516 348 1554 ad
361 1515 551 1554 Pascham
569 1515 767 1553 dimidiam
789 1527 965 1555 marcam.
1015 1514 1142 1554 Salvis
1160 1516 1204 1553 in
1223 1515 1402 1553 omnibus
1417 1514 1484 1554 &a
1533 1514 1648 1564 Quod
1663 1518 1708 1553 ut

239 1573 465 1620 perpetuam
483 1568 551 1609 &a
608 1569 787 1608 Testibus
807 1571 847 1607 et
865 1569 956 1608 Dat’
976 1571 1021 1607 ut
1039 1582 1153 1620 supra
1172 1572 1276 1608 carta
1293 1569 1479 1620 proxima.

322 1675 645 1710 WROKESTAN.

320 1720 526 1759 Universis
546 1719 614 1758 Sco.
671 1718 837 1757 Noverit
856 1718 1088 1758 universitas
1115 1721 1242 1758 vestra
1269 1719 1375 1769 quod
1392 1731 1464 1758 nos
1484 1718 1533 1757 de
1552 1731 1708 1758 assensu

239 1777 279 1813 et
306 1775 509 1814 voluntate
527 1774 667 1824 Rogeri
686 1773 835 1811 Decani
862 1777 901 1811 et
921 1773 1095 1822 Capituli
1121 1774 1244 1811 nostri
1271 1773 1379 1811 Linc'
1399 1773 1546 1812 Locum
1572 1774 1709 1812 funda-

240 1829 362 1867 cionis
381 1829 571 1878 prioratus
590 1828 665 1866 loci
685 1827 724 1866 S.
746 1827 869 1865 Marie
889 1827 936 1866 de
955 1827 1200 1865 Wrokestan'
1227 1840 1315 1865 cum
1342 1827 1497 1877 capitali
1515 1828 1708 1878 mesuagio

240 1887 279 1921 et
310 1885 393 1921 tota
425 1883 530 1921 curia
562 1885 601 1920 et
632 1881 812 1931 virgultis
844 1884 883 1919 et
914 1881 1073 1920 vivariis
1105 1881 1278 1931 ejusdem
1310 1881 1404 1920 ville
1436 1885 1475 1919 et
1505 1895 1592 1920 cum
1623 1885 1708 1920 toto

240 1936 432 1975 dominico
451 1939 531 1974 tam
549 1937 592 1974 in
611 1936 709 1986 agris
728 1935 899 1973 colendis
918 1948 1035 1985 quam
1054 1936 1173 1985 pratis
1192 1938 1231 1973 et
1248 1936 1399 1986 pascuis
1419 1949 1493 1986 que
1511 1937 1708 1986 pertinent

240 1991 290 2028 ad
308 1991 517 2040 predictam
538 1990 745 2028 ecclesiam.
801 1989 1111 2028 Advocacionem
1139 1990 1257 2027 eciam
1286 1990 1442 2028 ecclesie
1462 1990 1709 2039 parrochialis

239 2045 411 2095 predicte
429 2045 521 2083 ville
549 2044 597 2082 de
625 2043 871 2082 Wrokestan’
900 2057 975 2094 que
1003 2043 1132 2082 omnia
1159 2044 1323 2082 dilectus
1350 2044 1393 2081 in
1421 2044 1576 2082 Christo
1604 2044 1708 2082 filius

240 2099 425 2149 Magister
443 2098 613 2137 Michael
632 2098 742 2136 Belet
769 2097 953 2136 fundator
979 2098 1119 2148 prefati
1146 2099 1336 2148 prioratus
1364 2098 1435 2136 deo
1463 2101 1501 2136 et
1524 2098 1562 2137 S.
1585 2099 1709 2136 Marie

239 2157 278 2191 et
299 2153 504 2193 Canonicis
524 2153 670 2191 ibidem
698 2152 769 2190 deo
797 2152 1053 2190 servientibus
1081 2155 1119 2190 et
1146 2153 1430 2202 imperpetuum
1449 2153 1646 2191 servituris
1665 2153 1709 2190 in

239 2208 399 2245 liberam
417 2220 553 2257 puram
572 2210 611 2245 et
629 2209 853 2256 perpetuam
881 2206 1127 2244 elemosinam
1155 2207 1320 2244 contulit
1340 2207 1470 2256 quieta
1488 2219 1641 2256 prorsus
1660 2206 1709 2245 ab

240 2262 347 2299 omni
365 2262 527 2300 seculari
545 2261 705 2299 servicio
725 2263 763 2298 et
784 2261 993 2299 exactione.
1054 2261 1196 2299 Omnia
1214 2261 1334 2298 eciam
1349 2264 1467 2298 terras
1482 2261 1656 2298 redditus
1671 2263 1710 2298 et

240 2319 461 2354 tenementa
479 2316 522 2354 in
539 2318 670 2353 nostra
689 2315 832 2353 diocesi
858 2327 933 2365 que
951 2328 974 2353 a
991 2315 1163 2365 predicto
1183 2315 1370 2364 Magistro
1389 2314 1580 2352 Michaele
1598 2315 1709 2352 Belet

240 2370 303 2408 vel
317 2383 339 2408 a
356 2370 650 2420 quibuscunque
665 2369 750 2407 aliis
765 2369 964 2408 datoribus
983 2373 1022 2408 et
1041 2369 1370 2408 confirmatoribus
1387 2369 1502 2407 dictis
1516 2369 1710 2406 Prioratui

241 2427 279 2462 et
300 2423 506 2463 Canonicis
525 2427 616 2462 sunt
635 2424 678 2461 in
691 2423 853 2461 liberam
866 2436 1003 2474 puram
1017 2427 1055 2462 et
1070 2426 1295 2473 perpetuam
1309 2423 1556 2461 elemosinam
1571 2422 1709 2461 collata

242 2478 386 2516 eisdem
406 2478 612 2517 Canonicis
631 2478 731 2516 sicut
754 2478 860 2528 juste
889 2480 927 2515 et
954 2477 1239 2516 racionabiliter
1266 2477 1314 2515 ab
1333 2477 1418 2527 ipso
1437 2477 1628 2515 Michaele
1646 2477 1709 2515 vel

241 2532 290 2570 ab
326 2532 411 2570 aliis
447 2535 493 2570 ut
530 2532 678 2570 dictum
714 2535 771 2570 est
808 2544 986 2570 concessa
1021 2535 1113 2570 sunt
1149 2534 1188 2569 et
1225 2531 1447 2569 confirmata
1483 2531 1709 2569 auctoritate

241 2586 449 2636 episcopali
460 2586 736 2625 confirmamus.
796 2585 923 2625 Salvis
934 2586 977 2624 in
989 2586 1168 2624 omnibus
1180 2584 1247 2624 &a
1303 2585 1418 2634 Quod
1429 2588 1474 2624 ut
1484 2588 1709 2636 perpetuam

241 2641 301 2679 &c
361 2640 541 2679 Testibus
560 2643 598 2678 et
617 2639 708 2678 Dat’
728 2642 773 2678 ut
792 2653 906 2691 supra
925 2643 1026 2679 carta
1045 2643 1180 2690 quarta
1197 2640 1246 2678 ab
1263 2639 1347 2678 ista.

324 2773 586 2808 BERGHEBY
606 2765 744 2803 dimid'
763 2763 891 2804 marc’.

321 2817 526 2857 Universis
555 2818 622 2857 &a
680 2819 844 2857 Noverit
875 2818 1106 2858 universitas
1138 2820 1266 2857 vestra
1297 2830 1368 2856 nos
1402 2818 1450 2856 de
1483 2830 1638 2856 assensu
1670 2824 1709 2855 et

242 2872 443 2911 voluntate
464 2872 691 2911 dilectorum
709 2872 875 2911 filiorum
891 2873 1032 2923 Rogeri
1046 2872 1194 2910 Decani
1213 2875 1251 2910 et
1271 2872 1443 2922 Capituli
1461 2872 1583 2910 nostri
1601 2872 1709 2909 Linc'

242 2939 393 2965 necnon
429 2929 468 2965 et
505 2927 553 2964 de
599 2940 786 2965 consensu
824 2927 986 2966 Roberti
1022 2927 1138 2965 Baret
1175 2929 1214 2965 et
1252 2927 1439 2966 Katerine
1476 2926 1606 2964 uxoris
1641 2938 1709 2964 sue
