1844 3178
194 315 248 355 36
726 325 862 359 LIBER
891 325 1124 367 ANTIQUUS

193 425 368 477 partibus
387 425 532 463 decime
550 424 752 475 garbarum
779 424 827 462 de
854 425 923 475 viij
945 424 1104 474 virgatis
1122 427 1220 463 terre
1239 424 1283 462 in
1301 437 1434 475 campo
1453 424 1501 464 de
1520 425 1657 464 Eueul'

193 483 232 518 et
259 480 302 517 in
329 479 486 518 decimis
513 479 676 517 duarum
702 479 936 528 virgatarum
961 479 1006 516 in
1033 491 1151 528 parva
1181 478 1412 517 Whitefeud
1439 492 1526 517 cum
1554 480 1658 518 curia

194 534 340 572 Thome
359 533 407 571 de
425 533 659 571 Ermentiers
678 535 716 571 et
734 533 777 570 in
796 532 953 571 decimis
972 533 1055 571 feni
1074 535 1112 571 et
1131 531 1307 571 molend’.

278 652 478 685 ΕνεΝι-Ε,
541 640 695 679 Vicaria
731 641 774 678 in
810 641 967 679 ecclesia
1003 640 1051 678 de
1088 639 1226 678 Euenl'
1262 653 1337 690 que
1366 644 1423 679 est
1451 641 1588 691 prioris
1621 644 1660 680 et

195 699 407 734 conventus
436 696 483 733 de
521 695 747 733 Huntedon'
775 696 1002 733 auctoritate
1029 694 1182 732 concilii
1210 695 1386 733 ordinata
1413 695 1588 733 consistit
1616 696 1660 733 in

197 750 376 788 omnibus
397 749 699 788 obvencionibus
718 749 876 787 decimis
905 752 942 787 et
970 748 1234 786 oblacionibus
1262 749 1311 786 ad
1338 749 1445 787 illam
1464 749 1660 787 ecclesiam

195 804 480 854 pertinentibus
508 806 632 853 preter
660 803 825 840 decimas
853 803 1055 853 garbarum
1082 805 1121 840 et
1149 802 1230 840 feni
1258 805 1296 840 et
1323 806 1448 852 preter
1475 806 1594 841 terras
1621 807 1660 842 et

198 858 364 896 decimas
377 858 479 895 curie
492 857 761 895 canonicorum
767 857 940 895 Hunted’
953 857 996 894 in
1009 856 1141 894 eadem
1152 856 1255 895 villa.
1288 856 1476 895 Consistit
1489 858 1607 895 eciam
1618 857 1662 895 in

197 911 355 950 decimis
373 912 442 961 viij
464 911 699 961 virgatarum
713 913 812 949 terre
830 911 873 949 in
892 923 1025 960 campo
1041 910 1089 948 de
1104 910 1314 950 Cherleton
1327 923 1402 960 que
1417 914 1591 961 spectant
1612 911 1662 949 ad

196 967 320 1015 ipsam
339 965 536 1003 ecclesiam
555 965 603 1003 de
622 964 759 1003 Euenl'
779 968 818 1003 et
845 966 889 1003 in
908 964 1111 1003 duodecim
1129 964 1226 1002 acris
1244 967 1342 1002 terre
1361 977 1455 1015 quas
1475 965 1661 1003 Ricardus

195 1019 248 1057 fil’
268 1019 408 1057 Matill'
428 1020 555 1057 tenuit
574 1022 612 1057 et
639 1019 682 1056 in
709 1032 842 1057 manso
870 1032 892 1057 a
920 1031 1039 1069 parva
1066 1021 1175 1068 porta
1201 1018 1374 1068 ipsorum
1392 1019 1662 1058 canonicorum

196 1086 271 1122 que
291 1073 398 1111 ducit
417 1073 466 1111 ad
484 1073 681 1111 ecclesiam
699 1086 820 1134 usque
848 1072 898 1111 ad
906 1075 1066 1134 portam
1084 1073 1422 1134 septentrionalem
1441 1073 1660 1112 eorundem.

198 1127 416 1166 Sustinebit
448 1130 577 1165 autem
608 1127 773 1165 vicarius
811 1128 940 1165 omnia
976 1139 1091 1164 onera
1117 1127 1239 1176 ipsius
1272 1126 1428 1165 ecclesie
1460 1127 1592 1165 debita
1624 1130 1663 1165 et

197 1185 379 1219 consueta
397 1184 523 1231 preter
542 1181 759 1231 hospicium
778 1181 1053 1219 Archidiaconi
1071 1181 1176 1230 quod
1195 1181 1370 1219 canonici
1388 1181 1660 1231 procurabunt.

280 1298 531 1332 MERSTON,
587 1288 741 1327 Vicaria
758 1289 801 1326 in
820 1288 977 1326 ecclesia
1004 1288 1052 1326 de
1080 1288 1255 1326 Merston
1283 1301 1357 1339 que
1376 1291 1434 1327 est
1453 1289 1603 1328 abbatis
1625 1291 1664 1327 et

197 1346 410 1382 conventus
426 1342 463 1381 S.
482 1343 633 1380 Ebrulfi
647 1343 846 1381 exdudum
861 1342 1036 1380 ordinata
1050 1342 1227 1380 consistit
1240 1343 1283 1380 in
1297 1342 1476 1393 altaragio
1492 1343 1664 1393 ejusdem

197 1397 352 1436 ecclesie
381 1399 419 1434 et
446 1396 676 1446 capellarum
704 1397 753 1434 ad
780 1398 905 1447 ipsam
940 1397 1222 1447 pertinencium
1250 1399 1288 1435 et
1315 1397 1478 1435 minutis
1507 1397 1665 1435 decimis

196 1452 318 1490 totius
337 1451 515 1501 parochie
543 1454 581 1489 et
608 1452 651 1489 in
679 1454 762 1489 tota
790 1451 937 1489 decima
965 1451 1167 1501 garbarum
1195 1450 1242 1489 de
1269 1451 1593 1490 Wauerkeworth
1616 1451 1666 1489 ad

196 1505 384 1555 prefatam
405 1505 601 1543 ecclesiam
629 1505 678 1543 de
705 1505 881 1543 Merston
907 1506 1124 1555 pertinente
1153 1507 1192 1542 et
1218 1505 1262 1542 in
1289 1518 1367 1543 una
1393 1506 1542 1556 virgata
1567 1508 1666 1544 terre

198 1573 285 1597 cum
305 1572 437 1596 manso
459 1571 576 1608 quem
603 1559 699 1597 Rob’
729 1559 777 1597 de
804 1560 995 1597 Acrinton
1017 1559 1145 1597 tenuit
1164 1561 1203 1596 et
1224 1559 1267 1596 in
1287 1559 1445 1597 decimis
1464 1559 1666 1610 garbarum

200 1614 248 1652 de
260 1613 481 1651 Middelton
495 1613 544 1651 ad
556 1613 752 1651 ecclesiam
765 1613 812 1651 de
825 1614 999 1651 Merston
1014 1613 1318 1663 pertinentibus:
1338 1613 1455 1652 salvis
1467 1627 1521 1652 xx
1532 1613 1666 1652 solidis

197 1668 337 1706 annuis
356 1667 404 1705 de
423 1667 555 1705 eadem
573 1668 715 1706 vicaria
732 1680 800 1717 per
827 1680 985 1705 manum
1003 1667 1137 1705 vicarii
1165 1667 1320 1705 ecclesie
1339 1667 1387 1705 de
1406 1668 1580 1705 Merston
1599 1668 1668 1718 qui

198 1734 267 1771 pro
294 1725 464 1771 tempore
490 1721 608 1760 fuerit
635 1721 793 1771 prefatis
829 1721 962 1759 abbati
989 1724 1028 1759 et
1057 1721 1266 1759 conventui
1292 1722 1564 1771 persolvendis,
1623 1722 1667 1761 Si

199 1779 329 1813 autem
370 1775 568 1826 contingat
605 1776 796 1825 predictos
833 1775 1039 1813 monachos
1076 1775 1180 1825 apud
1216 1775 1392 1813 Merston
1424 1776 1466 1814 111
1503 1776 1667 1826 propriis

199 1830 334 1867 usibus
370 1829 674 1867 instauramenta
710 1829 849 1867 habere
878 1830 955 1879 ipsi
986 1829 1166 1867 monachi
1194 1842 1216 1867 a
1243 1832 1405 1879 pracone
1433 1830 1668 1868 decimarum

199 1883 354 1921 illorum
381 1884 772 1922 instauramentorum
799 1888 912 1921 erunt
939 1884 1140 1921 immunes.
1200 1884 1252 1922 Et
1271 1884 1479 1923 sustinebit
1501 1884 1667 1923 vicarius

201 1937 329 1975 omnia
349 1950 463 1975 onera
481 1938 588 1976 illius
607 1938 763 1976 ecclesie
782 1937 912 1975 debita
931 1939 971 1975 et
989 1940 1180 1976 consueta.

282 2054 585 2089 SULEGRAVE,
639 2045 794 2084 Vicaria
821 2045 864 2083 in
892 2045 1050 2084 ecclesia
1076 2045 1125 2083 de
1153 2045 1363 2094 Sulegraua
1380 2058 1455 2095 que
1473 2045 1609 2095 prioris
1629 2048 1668 2084 et

201 2102 416 2138 conventus
436 2099 474 2138 S.
497 2099 652 2137 Andree
679 2100 721 2138 N
724 2099 981 2149 orthampton'
1002 2100 1228 2138 auctoritate
1247 2100 1402 2138 concilii
1419 2101 1474 2138 sic
1494 2099 1669 2138 ordinata

201 2156 268 2192 est.
344 2153 523 2191 Vicarius
568 2153 728 2192 habebit
774 2154 931 2191 nomine
976 2154 1117 2192 vicarie
1159 2167 1226 2192 sue
1271 2156 1398 2192 totum
1442 2154 1670 2204 altaragium

202 2210 241 2245 et
268 2209 389 2245 totam
418 2210 558 2245 terram
590 2208 823 2246 dominicam
860 2208 1015 2246 ecclesie
1042 2209 1076 2246 si
1102 2208 1230 2246 valeat
1257 2221 1375 2246 unam
1411 2220 1575 2246 marcam
1602 2221 1670 2258 per

201 2274 371 2300 annum:
399 2261 573 2311 alioquin
600 2262 847 2311 provideatur
865 2262 901 2300 ei
919 2275 986 2311 per
1012 2261 1340 2300 Archidiaconum
1368 2262 1409 2300 N
1410 2262 1668 2312 orthampton’

204 2327 325 2364 usque
344 2315 393 2353 ad
411 2315 624 2353 valenciam
643 2316 759 2353 unius
779 2328 902 2354 marce
917 2329 1043 2354 annue
1062 2331 1069 2355 :
1098 2319 1137 2354 et
1152 2317 1275 2354 solvet
1290 2316 1453 2354 vicarius
1467 2316 1666 2364 sinodalia,

204 2369 383 2407 monachi
401 2382 491 2407 vero
510 2369 728 2419 hospicium
746 2370 1019 2408 Archidiaconi
1037 2370 1309 2420 procurabunt.

288 2486 563 2521 NEUBOTLE.
618 2477 772 2516 Vicaria
799 2477 842 2516 in
870 2478 1026 2516 ecclesia
1053 2477 1101 2516 de
1128 2477 1169 2516 N
1171 2478 1324 2516 eubotle
1351 2490 1426 2528 que
1451 2481 1509 2517 est
1534 2477 1670 2528 prioris

206 2532 245 2568 et
283 2533 498 2569 conventus
543 2531 789 2582 Dunestapll'
826 2532 1025 2570 exdudum
1071 2532 1247 2570 ordinata
1290 2532 1467 2570 consistit
1507 2533 1550 2569 in
1586 2535 1670 2570 toto

205 2585 384 2635 altaragio
421 2597 510 2622 cum
545 2586 708 2624 minutis
748 2586 907 2624 decimis
944 2589 982 2624 et
1017 2586 1060 2624 in
1096 2586 1290 2635 mesuagio
1327 2589 1366 2624 et
1402 2586 1523 2624 crofta
1554 2586 1671 2635 juxta

206 2639 437 2676 cimiterium
456 2652 544 2677 cum
562 2640 641 2678 suis
659 2640 906 2689 pertinenciis
925 2643 964 2678 et
982 2640 1105 2678 solvet
1121 2640 1286 2678 vicarius
1301 2640 1488 2679 sinodalia
1501 2643 1666 2688 tantum,

208 2692 395 2731 Canonici
431 2695 561 2731 autem
598 2697 721 2732 cetera
753 2707 868 2732 onera
899 2694 1021 2743 ipsius
1054 2694 1209 2732 ecclesie
1246 2694 1377 2733 debita
1413 2698 1451 2733 et
1488 2697 1670 2732 consueta

208 2746 466 2785 sustinebunt.
533 2747 561 2785 J
563 2748 728 2786 ordanus
747 2751 875 2786 autem
893 2748 1060 2786 vicarius
1078 2748 1282 2786 institutus
1301 2751 1358 2786 est
1377 2748 1482 2787 salvo
1502 2761 1546 2786 eo
1565 2747 1671 2798 quod

208 2800 241 2837 si
261 2800 440 2839 dominus
459 2801 673 2851 Episcopus
695 2815 763 2852 per
785 2802 984 2840 arctiorem
1008 2802 1302 2851 inquisicionem
1330 2803 1451 2852 possit
1478 2802 1670 2852 inquirere

208 2854 390 2892 vicariam
401 2855 611 2905 predictam
625 2868 705 2894 esse
719 2856 848 2894 minus
863 2856 1115 2894 sufficientem
1129 2857 1338 2894 constituet
1351 2869 1434 2894 eam
1446 2856 1669 2906 ampliorem

208 2909 419 2947 secundum
437 2909 724 2948 estimacionem
742 2910 861 2949 totius
880 2910 1056 2949 beneficii
1075 2914 1113 2949 et
1131 2910 1235 2949 valet
1254 2911 1395 2949 vicaria
1415 2908 1574 2963 [blank]
