1844 3178
272 341 326 381 32
787 348 925 383 LIBER
955 348 1190 390 ANTIQUUS
1249 362 1251 365 ⁴

349 458 572 494 SLWTON.
609 446 763 485 Vicaria
797 446 840 484 in
877 447 1032 485 ecclesia
1068 447 1116 485 de
1159 447 1315 497 Slipton
1351 460 1426 497 que
1464 450 1522 486 est
1559 449 1732 499 magistri

268 503 471 554 hospitalis
498 501 746 550 Northampt'
775 501 999 539 auctoritate
1027 501 1181 539 concilii
1199 499 1374 539 ordinata
1393 502 1568 540 consistit
1587 503 1630 540 in
1649 506 1732 542 toto

267 558 449 607 altaragio
478 559 516 594 et
542 556 585 593 in
612 554 792 592 omnibus
820 555 981 593 minutis
1008 555 1166 593 decimis
1194 558 1320 604 preter
1347 568 1461 604 quam
1490 556 1538 593 de
1567 558 1732 607 propriis

267 612 497 650 animalibus
515 610 637 659 ipsius
659 607 832 658 magistri
850 611 889 645 61
915 609 958 646 111
976 609 1182 647 medietate
1202 609 1348 646 decime
1367 609 1566 658 garbarum
1585 611 1633 649 de
1651 614 1733 649 tota

268 665 448 716 parochia
467 677 554 702 cum
573 675 708 700 manso
728 664 979 712 competente.
1044 703 1047 704 ⁷

349 796 658 832 HEMfflGTON,
722 786 875 824 Vicaria
889 787 931 824 in
946 787 1102 825 ecclesia
1116 787 1163 824 de
1182 786 1422 836 Hemington
1437 800 1511 836 que
1525 791 1583 826 est
1593 789 1732 838 prioris

267 846 305 882 et
336 846 549 881 conventus
569 841 609 880 S.
631 840 672 878 N
674 841 749 878 eoti
777 840 1002 878 auctoritate
1030 841 1183 878 concilii
1202 840 1375 878 ordinata
1394 841 1570 879 consistit
1587 842 1630 879 in
1650 846 1731 881 toto

265 897 446 947 altaragio
466 899 503 934 et
522 899 604 933 tota
631 897 730 932 terra
757 894 949 932 dominica
977 895 1131 932 ecclesie
1159 907 1246 932 cum
1274 907 1406 932 manso
1435 899 1674 945 competente
1694 900 1732 934 et

264 952 308 989 in
335 952 349 988 i
376 963 503 988 marca
539 962 667 987 annua
703 961 771 997 per
806 948 1132 986 Archidiaconum
1169 948 1210 986 N
1212 948 1469 997 orthampton’
1508 953 1609 987 certo
1647 950 1731 988 loco

264 1005 493 1055 assignanda
519 1004 563 1041 in
591 1003 748 1040 decimis
775 1002 976 1051 garbarum
1004 1003 1051 1040 de
1080 1002 1229 1040 duabus
1257 1003 1417 1052 virgatis
1444 1006 1541 1040 terre
1563 1004 1606 1041 in
1629 1004 1731 1054 Torp

264 1072 360 1108 quas
380 1059 571 1096 Robertus
589 1057 640 1094 fil'
662 1056 807 1095 Sewini
822 1059 860 1093 et
876 1056 1112 1094 Willielmus
1132 1056 1239 1094 Belle
1255 1060 1292 1094 et
1310 1057 1424 1106 Hugo
1440 1056 1487 1094 de
1506 1056 1732 1107 Tiringham

264 1116 303 1150 61
323 1112 521 1151 Galfridus
539 1113 748 1149 tenuerunt
776 1113 814 1147 61
842 1110 966 1148 solvet
987 1110 1151 1148 vicarius
1170 1110 1358 1148 sinodalia
1377 1113 1532 1148 tantum
1552 1112 1731 1150 monachi

263 1179 352 1205 vero
371 1165 587 1216 hospicium
606 1164 864 1203 archidiaconi
883 1164 1153 1213 procurabunt.

342 1299 612 1333 ADlNGTON,
648 1288 803 1327 Vicaria
821 1288 863 1325 in
883 1287 1039 1326 ecclesia
1066 1288 1114 1325 de
1140 1288 1320 1326 Adinton
1337 1300 1412 1338 que
1431 1291 1488 1327 est
1507 1289 1673 1328 Abbatis
1693 1293 1731 1328 et

263 1347 475 1383 conventus
495 1343 542 1381 de
571 1342 718 1392 Suleby
746 1342 972 1380 auctoritate
1000 1342 1153 1380 concilii
1181 1342 1356 1380 ordinata
1384 1343 1559 1381 consistit
1585 1344 1628 1381 in
1647 1347 1730 1382 1010

261 1398 442 1448 altaragio
470 1400 509 1435 et
536 1398 579 1434 in
607 1400 690 1434 tota
717 1399 817 1434 terra
848 1395 1040 1434 dominica
1078 1396 1249 1446 ejusdem
1278 1397 1433 1434 ecclesie
1461 1400 1500 1434 et
1527 1398 1569 1435 in
1597 1411 1729 1436 manso

261 1455 502 1502 competente
535 1464 623 1489 cum
654 1451 860 1488 medietate
897 1451 999 1488 curie
1037 1450 1191 1488 ecclesie
1227 1450 1440 1499 adjacentis
1473 1453 1511 1488 et
1545 1452 1730 1502 percipiet

260 1507 462 1544 annuatim
481 1505 529 1543 ab
548 1505 687 1542 abbate
706 1517 774 1542 sex
802 1503 964 1553 quarter'
992 1504 1177 1541 frumenti
1204 1508 1243 1542 et
1271 1517 1339 1541 sex
1361 1504 1440 1542 ord'
1462 1507 1662 1543 annuatim
1681 1507 1730 1544 ad

260 1561 358 1599 duos
394 1560 579 1598 terminos
626 1559 773 1596 scilicet
817 1558 1062 1596 medietatem
1104 1558 1153 1596 ad
1189 1558 1332 1596 festum
1370 1558 1408 1597 S.
1448 1559 1651 1598 Michaelis
1691 1564 1729 1598 et

260 1615 506 1652 medietatem
542 1613 592 1651 ad
627 1612 818 1662 pascham.
896 1612 948 1649 Et
984 1612 1191 1650 sustinebit
1235 1612 1402 1650 vicarius
1448 1614 1577 1652 omnia
1614 1627 1729 1652 onera

260 1668 490 1719 episcopalia
509 1667 652 1706 dictam
671 1666 867 1705 ecclesiam
886 1666 1161 1715 contingencia.

734 1735 769 1760 Iu
781 1735 830 1761 the
842 1735 955 1766 margin
966 1735 1102 1761 :—“1nst.
1113 1740 1156 1762 ao.
1166 1735 1255 1762 xvii.’¹

341 1834 611 1869 BOSEGATE,
649 1823 803 1862 Vicaria
821 1824 864 1861 in
882 1823 1039 1862 ecclesia
1067 1823 1114 1862 de
1133 1824 1319 1873 Bosegate
1346 1837 1420 1874 que
1443 1828 1500 1863 est
1519 1824 1669 1863 abbatis
1689 1828 1726 1863 et

259 1882 472 1918 conventus
511 1879 549 1916 S.
589 1878 616 1916 J
617 1878 726 1916 acobi
763 1878 1061 1928 Northampton'
1099 1879 1325 1916 auctoritate
1362 1879 1516 1916 concilii
1552 1879 1727 1917 ordinata

258 1933 434 1971 consistit
452 1933 495 1970 in
514 1934 596 1970 toto
614 1933 795 1981 altaragio
811 1945 899 1969 cum
914 1945 1044 1969 manso
1060 1936 1300 1982 competente
1315 1936 1352 1970 et
1367 1933 1408 1970 in
1424 1933 1585 1970 dimidia
1604 1946 1727 1971 marca

259 2001 387 2025 annua
414 1987 539 2024 eidem
566 1986 706 2024 vicarie
733 1987 775 2023 in
804 1989 905 2024 certo
933 1986 1017 2024 1000
1050 1986 1278 2035 assignanda
1304 2000 1372 2036 per
1398 1987 1726 2024 Archidiaconum

258 2041 299 2079 N
301 2039 571 2090 orthampton.'
628 2041 680 2078 Et
699 2041 822 2078 solvet
851 2040 1015 2078 vicarius
1035 2040 1223 2078 sinodalia
1241 2043 1406 2089 tantum,
1429 2041 1616 2079 Canonici
1637 2054 1725 2079 vero

258 2095 475 2146 hospicium
493 2094 769 2133 Archidiaconi
788 2094 1060 2144 procurabunt.

336 2228 696 2263 WOLANESTON,
733 2218 888 2256 Vicaria
919 2219 962 2256 in
999 2218 1156 2256 ecclesia
1189 2218 1236 2255 de
1265 2218 1521 2256 Wolaneston
1555 2232 1630 2268 que
1667 2222 1724 2257 est

256 2273 482 2310 monialium
502 2273 549 2310 de
569 2275 677 2322 prato
692 2275 800 2310 extra
818 2273 859 2310 N
861 2271 1120 2322 orthampton'
1134 2273 1360 2310 auctoritate
1376 2273 1528 2311 concilii
1548 2273 1724 2311 ordinata

257 2327 434 2365 consistit
467 2327 509 2364 in
542 2329 625 2364 toto
653 2327 835 2376 altaragio
863 2329 988 2376 preter
1015 2339 1187 2364 annuum
1215 2326 1409 2364 redditum
1438 2340 1521 2365 xxs.
1558 2327 1605 2364 de
1638 2328 1722 2376 ipso

255 2381 438 2430 altaragio
457 2381 499 2418 in
518 2385 619 2418 certo
638 2381 721 2418 1000
749 2380 1066 2418 subtrahendum.
1126 2380 1238 2418 Idem
1257 2383 1387 2418 autem
1414 2381 1581 2419 vicarius
1600 2381 1722 2419 solvet

256 2435 444 2473 sinodalia
463 2439 501 2472 et
520 2435 705 2472 moniales
724 2435 941 2485 hospicium
959 2434 1233 2472 Archidiaconi
1251 2435 1520 2484 procurabunt.

334 2568 741 2603 WENUNGBVRGH.
784 2558 937 2597 Vicaria
963 2559 1006 2596 in
1034 2559 1190 2597 ecclesia
1227 2559 1274 2596 de
1305 2558 1618 2608 Wenlingburgh
1646 2572 1719 2609 que

254 2615 311 2650 est
339 2613 488 2650 abbatis
516 2616 555 2650 et
583 2615 795 2651 conventus
822 2613 1028 2661 Croyland'
1047 2612 1245 2650 exdudum
1273 2613 1448 2650 ordinata
1476 2614 1652 2651 consistit
1678 2614 1721 2651 in

253 2670 336 2705 toto
367 2667 548 2716 altaragio
568 2670 606 2704 et
624 2667 667 2704 in
685 2667 864 2704 omnibus
892 2667 1052 2704 minutis
1082 2667 1239 2704 decimis
1267 2667 1366 2704 etin
1385 2667 1546 2704 dimidia
1573 2667 1721 2716 virgata

253 2724 352 2758 terre
394 2734 481 2758 cum
518 2733 650 2758 manso
692 2733 760 2770 pro
797 2733 873 2770 quo
911 2721 1075 2758 vicarius
1111 2720 1268 2758 reddere
1305 2720 1420 2758 debet
1457 2721 1588 2758 abbati
1620 2722 1720 2759 sicut

253 2775 431 2812 monachi
451 2775 587 2812 dicunt
613 2787 669 2812 vs.
692 2775 893 2812 annuatim
913 2777 952 2812 et
971 2774 1179 2812 sustinebit
1198 2774 1316 2812 abbas
1335 2775 1463 2813 omnia
1482 2787 1597 2812 onera
1614 2775 1720 2813 illius

254 2829 407 2866 ecclesie
425 2829 556 2866 debita
574 2831 612 2866 et
631 2832 821 2867 0011611616.

569 2897 605 2924 111
617 2897 667 2923 1116
679 2897 791 2929 margin
803 2898 858 2924 :-“
867 2897 931 2924 Non
942 2899 985 2923 est
996 2897 1128 2923 ordinata
1140 2904 1189 2932 per
1200 2897 1396 2929 Episcopum.”
