<?xml version="1.0" encoding="UTF-8"?>
<!DOCTYPE html PUBLIC "-//W3C//DTD XHTML 1.0 Transitional//EN"
    "http://www.w3.org/TR/xhtml1/DTD/xhtml1-transitional.dtd">
<html xmlns="http://www.w3.org/1999/xhtml" xml:lang="en" lang="en">
 <head>
  <title>
</title>
<meta http-equiv="Content-Type" content="text/html;charset=utf-8" />
  <meta name='ocr-system' content='tesseract 3.04.00' />
  <meta name='ocr-capabilities' content='ocr_page ocr_carea ocr_par ocr_line ocrx_word'/>
</head>
<body>
  <div class='ocr_page' id='page_1' title='image "./liberantiquusdeo00linc_0104.png"; bbox 0 0 1844 3178; ppageno 0'>
   <div class='ocr_carea' id='block_1_1' title="bbox 202 359 1145 409">
    <p class='ocr_par' dir='ltr' id='par_1_1' title="bbox 202 359 1145 409">
     <span class='ocr_line' id='line_1_1' title="bbox 202 359 1145 409; baseline 0.003 -10"><span class='ocrx_word' id='word_1_1' title='bbox 202 359 258 400; x_wconf 84' lang='lat'>90</span> <span class='ocrx_word' id='word_1_2' title='bbox 743 369 881 402; x_wconf 76' lang='lat' dir='ltr'><strong>LIBER</strong></span> <span class='ocrx_word' id='word_1_3' title='bbox 910 368 1145 409; x_wconf 75' lang='lat' dir='ltr'>AN&#39;rlosz</span> 
     </span>
    </p>
   </div>
   <div class='ocr_carea' id='block_1_2' title="bbox 191 465 1665 2034">
    <p class='ocr_par' dir='ltr' id='par_1_2' title="bbox 277 465 1326 518">
     <span class='ocr_line' id='line_1_2' title="bbox 277 465 1326 518; baseline 0.002 -14"><span class='ocrx_word' id='word_1_4' title='bbox 277 476 446 512; x_wconf 72' lang='grc' dir='ltr'>ΤΗΟΒΡ</span> <span class='ocrx_word' id='word_1_5' title='bbox 475 465 574 518; x_wconf 80' lang='lat' dir='ltr'>(sic),</span> <span class='ocrx_word' id='word_1_6' title='bbox 596 479 680 505; x_wconf 80' lang='lat' dir='ltr'>cum</span> <span class='ocrx_word' id='word_1_7' title='bbox 700 466 946 506; x_wconf 78' lang='lat' dir='ltr'><em>ordinacione</em></span> <span class='ocrx_word' id='word_1_8' title='bbox 964 467 1106 506; x_wconf 79' lang='lat' dir='ltr'><em>vicarie</em></span> <span class='ocrx_word' id='word_1_9' title='bbox 1124 467 1167 505; x_wconf 80' lang='lat' dir='ltr'>in</span> <span class='ocrx_word' id='word_1_10' title='bbox 1185 468 1326 506; x_wconf 83' lang='lat' dir='ltr'>eadem.</span> 
     </span>
    </p>

    <p class='ocr_par' dir='ltr' id='par_1_3' title="bbox 191 520 1665 2034">
     <span class='ocr_line' id='line_1_3' title="bbox 277 520 1658 562; baseline 0.001 -2"><span class='ocrx_word' id='word_1_11' title='bbox 277 521 482 561; x_wconf 86' lang='lat' dir='ltr'>Universis</span> <span class='ocrx_word' id='word_1_12' title='bbox 520 522 587 559; x_wconf 86' lang='lat' dir='ltr'>&amp;c.</span> <span class='ocrx_word' id='word_1_13' title='bbox 664 520 829 559; x_wconf 89' lang='lat' dir='ltr'>Noverit</span> <span class='ocrx_word' id='word_1_14' title='bbox 865 522 1096 560; x_wconf 73' lang='lat' dir='ltr'>universitas</span> <span class='ocrx_word' id='word_1_15' title='bbox 1132 524 1260 560; x_wconf 88' lang='lat' dir='ltr'>vestra</span> <span class='ocrx_word' id='word_1_16' title='bbox 1304 534 1375 560; x_wconf 89' lang='lat' dir='ltr'>nos</span> <span class='ocrx_word' id='word_1_17' title='bbox 1411 522 1460 560; x_wconf 91' lang='lat' dir='ltr'>de</span> <span class='ocrx_word' id='word_1_18' title='bbox 1505 536 1658 562; x_wconf 87' lang='lat' dir='ltr'>assensu</span> 
     </span>
     <span class='ocr_line' id='line_1_4' title="bbox 197 573 1661 626; baseline 0.001 -12"><span class='ocrx_word' id='word_1_19' title='bbox 197 576 339 626; x_wconf 84' lang='lat' dir='ltr'>Rogeri</span> <span class='ocrx_word' id='word_1_20' title='bbox 377 574 526 613; x_wconf 89' lang='lat' dir='ltr'>Decani</span> <span class='ocrx_word' id='word_1_21' title='bbox 562 577 600 612; x_wconf 87' lang='lat' dir='ltr'>et</span> <span class='ocrx_word' id='word_1_22' title='bbox 638 573 812 623; x_wconf 88' lang='lat' dir='ltr'>Capituli</span> <span class='ocrx_word' id='word_1_23' title='bbox 848 577 970 613; x_wconf 87' lang='lat' dir='ltr'>nostri</span> <span class='ocrx_word' id='word_1_24' title='bbox 1006 574 1114 613; x_wconf 89' lang='lat' dir='ltr'>Linc&#39;</span> <span class='ocrx_word' id='word_1_25' title='bbox 1152 575 1284 614; x_wconf 80' lang='lat' dir='ltr'>divine</span> <span class='ocrx_word' id='word_1_26' title='bbox 1320 576 1475 625; x_wconf 82' lang='lat' dir='ltr'>pietatis</span> <span class='ocrx_word' id='word_1_27' title='bbox 1513 577 1661 615; x_wconf 89' lang='lat' dir='ltr'>intuitu</span> 
     </span>
     <span class='ocr_line' id='line_1_5' title="bbox 196 628 1660 670; baseline 0.001 -2"><span class='ocrx_word' id='word_1_28' title='bbox 196 631 346 668; x_wconf 82' lang='lat' dir='ltr'>dedisse</span> <span class='ocrx_word' id='word_1_29' title='bbox 366 633 403 667; x_wconf 90' lang='lat' dir='ltr'>et</span> <span class='ocrx_word' id='word_1_30' title='bbox 423 629 651 667; x_wconf 83' lang='lat' dir='ltr'>concessisse</span> <span class='ocrx_word' id='word_1_31' title='bbox 671 628 821 666; x_wconf 90' lang='lat' dir='ltr'>dilectis</span> <span class='ocrx_word' id='word_1_32' title='bbox 848 629 891 667; x_wconf 91' lang='lat' dir='ltr'>in</span> <span class='ocrx_word' id='word_1_33' title='bbox 919 630 1074 669; x_wconf 88' lang='lat' dir='ltr'>Christo</span> <span class='ocrx_word' id='word_1_34' title='bbox 1103 629 1193 667; x_wconf 86' lang='lat' dir='ltr'>filiis</span> <span class='ocrx_word' id='word_1_35' title='bbox 1212 629 1362 668; x_wconf 88' lang='lat' dir='ltr'>Abbati</span> <span class='ocrx_word' id='word_1_36' title='bbox 1385 633 1423 668; x_wconf 88' lang='lat' dir='ltr'>et</span> <span class='ocrx_word' id='word_1_37' title='bbox 1451 631 1660 670; x_wconf 89' lang='lat' dir='ltr'>conventui</span> 
     </span>
     <span class='ocr_line' id='line_1_6' title="bbox 196 681 1662 733; baseline -0.001 -9"><span class='ocrx_word' id='word_1_38' title='bbox 196 685 235 724; x_wconf 88' lang='lat' dir='ltr'>S.</span> <span class='ocrx_word' id='word_1_39' title='bbox 257 684 395 723; x_wconf 80' lang='lat' dir='ltr'>Jacobi</span> <span class='ocrx_word' id='word_1_40' title='bbox 409 684 524 733; x_wconf 83' lang='lat' dir='ltr'>juxta</span> <span class='ocrx_word' id='word_1_41' title='bbox 552 682 593 719; x_wconf 86' lang='lat' dir='ltr'>N</span> <span class='ocrx_word' id='word_1_42' title='bbox 595 681 835 732; x_wconf 90' lang='lat' dir='ltr'>orhampton&#39;</span> <span class='ocrx_word' id='word_1_43' title='bbox 853 684 1009 721; x_wconf 91' lang='lat' dir='ltr'>nomine</span> <span class='ocrx_word' id='word_1_44' title='bbox 1036 684 1213 733; x_wconf 88' lang='lat' dir='ltr'>perpetui</span> <span class='ocrx_word' id='word_1_45' title='bbox 1239 684 1414 733; x_wconf 85' lang='lat' dir='ltr'>beneficij</span> <span class='ocrx_word' id='word_1_46' title='bbox 1444 684 1487 722; x_wconf 93' lang='lat' dir='ltr'>in</span> <span class='ocrx_word' id='word_1_47' title='bbox 1506 685 1662 723; x_wconf 87' lang='lat' dir='ltr'>ecclesia</span> 
     </span>
     <span class='ocr_line' id='line_1_7' title="bbox 195 736 1660 788; baseline 0.001 -12"><span class='ocrx_word' id='word_1_48' title='bbox 195 739 244 776; x_wconf 88' lang='lat' dir='ltr'>de</span> <span class='ocrx_word' id='word_1_49' title='bbox 263 739 392 788; x_wconf 88' lang='lat' dir='ltr'>Throp</span> <span class='ocrx_word' id='word_1_50' title='bbox 412 750 487 787; x_wconf 86' lang='lat' dir='ltr'>que</span> <span class='ocrx_word' id='word_1_51' title='bbox 506 736 554 774; x_wconf 89' lang='lat' dir='ltr'>de</span> <span class='ocrx_word' id='word_1_52' title='bbox 573 749 704 774; x_wconf 91' lang='lat' dir='ltr'>eorum</span> <span class='ocrx_word' id='word_1_53' title='bbox 722 740 780 775; x_wconf 88' lang='lat' dir='ltr'>est</span> <span class='ocrx_word' id='word_1_54' title='bbox 808 737 1062 776; x_wconf 88' lang='lat' dir='ltr'>advocacione</span> <span class='ocrx_word' id='word_1_55' title='bbox 1085 746 1122 775; x_wconf 85' lang='lat' dir='ltr'>et</span> <span class='ocrx_word' id='word_1_56' title='bbox 1141 738 1184 775; x_wconf 90' lang='lat' dir='ltr'>in</span> <span class='ocrx_word' id='word_1_57' title='bbox 1203 751 1279 787; x_wconf 89' lang='lat' dir='ltr'>qua</span> <span class='ocrx_word' id='word_1_58' title='bbox 1296 738 1402 788; x_wconf 89' lang='lat' dir='ltr'>prius</span> <span class='ocrx_word' id='word_1_59' title='bbox 1421 741 1574 777; x_wconf 90' lang='lat' dir='ltr'>tantum</span> <span class='ocrx_word' id='word_1_60' title='bbox 1589 749 1660 777; x_wconf 78' lang='lat' dir='ltr'>&#39;sex</span> 
     </span>
     <span class='ocr_line' id='line_1_8' title="bbox 194 790 1662 842; baseline 0.001 -12"><span class='ocrx_word' id='word_1_61' title='bbox 194 805 340 830; x_wconf 89' lang='lat' dir='ltr'>marcas</span> <span class='ocrx_word' id='word_1_62' title='bbox 367 792 586 829; x_wconf 86' lang='lat' dir='ltr'>habuerunt</span> <span class='ocrx_word' id='word_1_63' title='bbox 612 793 715 828; x_wconf 89' lang='lat' dir='ltr'>totas</span> <span class='ocrx_word' id='word_1_64' title='bbox 742 791 908 829; x_wconf 90' lang='lat' dir='ltr'>decimas</span> <span class='ocrx_word' id='word_1_65' title='bbox 936 792 1138 841; x_wconf 84' lang='lat' dir='ltr'>garbarum</span> <span class='ocrx_word' id='word_1_66' title='bbox 1165 790 1281 829; x_wconf 72' lang='lat' dir='ltr'>xxx&#39;ca</span> <span class='ocrx_word' id='word_1_67' title='bbox 1302 793 1536 842; x_wconf 87' lang='lat' dir='ltr'>virgatarum</span> <span class='ocrx_word' id='word_1_68' title='bbox 1562 796 1662 831; x_wconf 84' lang='lat' dir='ltr'>terre</span> 
     </span>
     <span class='ocr_line' id='line_1_9' title="bbox 195 844 1661 885; baseline 0 -1"><span class='ocrx_word' id='word_1_69' title='bbox 195 847 243 884; x_wconf 92' lang='lat' dir='ltr'>de</span> <span class='ocrx_word' id='word_1_70' title='bbox 258 846 450 884; x_wconf 87' lang='lat' dir='ltr'>dominico</span> <span class='ocrx_word' id='word_1_71' title='bbox 466 845 632 883; x_wconf 89' lang='lat' dir='ltr'>Walteri</span> <span class='ocrx_word' id='word_1_72' title='bbox 647 846 694 882; x_wconf 93' lang='lat' dir='ltr'>de</span> <span class='ocrx_word' id='word_1_73' title='bbox 715 844 916 884; x_wconf 90' lang='lat' dir='ltr'>Pateshull</span> <span class='ocrx_word' id='word_1_74' title='bbox 926 846 969 884; x_wconf 90' lang='lat' dir='ltr'>in</span> <span class='ocrx_word' id='word_1_75' title='bbox 984 846 1117 884; x_wconf 89' lang='lat' dir='ltr'>eadem</span> <span class='ocrx_word' id='word_1_76' title='bbox 1131 845 1225 884; x_wconf 87' lang='lat' dir='ltr'>villa</span> <span class='ocrx_word' id='word_1_77' title='bbox 1243 849 1282 884; x_wconf 91' lang='lat' dir='ltr'>et</span> <span class='ocrx_word' id='word_1_78' title='bbox 1300 846 1545 885; x_wconf 90' lang='lat' dir='ltr'>medietatem</span> <span class='ocrx_word' id='word_1_79' title='bbox 1564 850 1661 885; x_wconf 85' lang='lat' dir='ltr'>terre</span> 
     </span>
     <span class='ocr_line' id='line_1_10' title="bbox 194 899 1662 950; baseline 0.001 -12"><span class='ocrx_word' id='word_1_80' title='bbox 194 900 367 938; x_wconf 89' lang='lat' dir='ltr'>arrabilis</span> <span class='ocrx_word' id='word_1_81' title='bbox 395 912 481 937; x_wconf 89' lang='lat' dir='ltr'>cum</span> <span class='ocrx_word' id='word_1_82' title='bbox 510 899 757 948; x_wconf 82' lang='lat' dir='ltr'>pertinenciis</span> <span class='ocrx_word' id='word_1_83' title='bbox 786 902 824 937; x_wconf 89' lang='lat' dir='ltr'>et</span> <span class='ocrx_word' id='word_1_84' title='bbox 851 902 978 938; x_wconf 86' lang='lat' dir='ltr'>totum</span> <span class='ocrx_word' id='word_1_85' title='bbox 1006 900 1222 950; x_wconf 87' lang='lat' dir='ltr'>pomarium</span> <span class='ocrx_word' id='word_1_86' title='bbox 1240 912 1288 938; x_wconf 88' lang='lat' dir='ltr'>ex</span> <span class='ocrx_word' id='word_1_87' title='bbox 1306 903 1414 950; x_wconf 90' lang='lat' dir='ltr'>parte</span> <span class='ocrx_word' id='word_1_88' title='bbox 1433 901 1662 939; x_wconf 86' lang='lat' dir='ltr'>occidentali</span> 
     </span>
     <span class='ocr_line' id='line_1_11' title="bbox 195 953 1661 1003; baseline 0 -11"><span class='ocrx_word' id='word_1_89' title='bbox 195 955 297 993; x_wconf 88' lang='lat' dir='ltr'>curie</span> <span class='ocrx_word' id='word_1_90' title='bbox 316 953 471 992; x_wconf 80' lang='lat' dir='ltr'>ecclesie</span> <span class='ocrx_word' id='word_1_91' title='bbox 491 953 534 990; x_wconf 90' lang='lat' dir='ltr'>in</span> <span class='ocrx_word' id='word_1_92' title='bbox 562 965 638 1002; x_wconf 87' lang='lat' dir='ltr'>qua</span> <span class='ocrx_word' id='word_1_93' title='bbox 666 966 734 991; x_wconf 90' lang='lat' dir='ltr'>sua</span> <span class='ocrx_word' id='word_1_94' title='bbox 760 954 911 1003; x_wconf 87' lang='lat' dir='ltr'>possint</span> <span class='ocrx_word' id='word_1_95' title='bbox 939 954 1088 992; x_wconf 87' lang='lat' dir='ltr'>edificia</span> <span class='ocrx_word' id='word_1_96' title='bbox 1116 957 1344 993; x_wconf 86' lang='lat' dir='ltr'>construere.</span> <span class='ocrx_word' id='word_1_97' title='bbox 1401 954 1544 993; x_wconf 86' lang='lat' dir='ltr'>Totum</span> <span class='ocrx_word' id='word_1_98' title='bbox 1570 968 1661 994; x_wconf 89' lang='lat' dir='ltr'>vero</span> 
     </span>
     <span class='ocr_line' id='line_1_12' title="bbox 194 1007 1661 1058; baseline 0.001 -12"><span class='ocrx_word' id='word_1_99' title='bbox 194 1008 391 1046; x_wconf 90' lang='lat' dir='ltr'>residuum</span> <span class='ocrx_word' id='word_1_100' title='bbox 423 1007 597 1057; x_wconf 84' lang='lat' dir='ltr'>ejusdem</span> <span class='ocrx_word' id='word_1_101' title='bbox 630 1007 785 1045; x_wconf 84' lang='lat' dir='ltr'>ecclesie</span> <span class='ocrx_word' id='word_1_102' title='bbox 812 1008 984 1057; x_wconf 83' lang='lat' dir='ltr'>Rogerus</span> <span class='ocrx_word' id='word_1_103' title='bbox 1013 1008 1232 1058; x_wconf 85' lang='lat' dir='ltr'>capellanus</span> <span class='ocrx_word' id='word_1_104' title='bbox 1251 1021 1366 1058; x_wconf 89' lang='lat' dir='ltr'>quem</span> <span class='ocrx_word' id='word_1_105' title='bbox 1385 1008 1435 1046; x_wconf 91' lang='lat' dir='ltr'>ad</span> <span class='ocrx_word' id='word_1_106' title='bbox 1454 1009 1661 1047; x_wconf 89' lang='lat' dir='ltr'>eorundem</span> 
     </span>
     <span class='ocr_line' id='line_1_13' title="bbox 194 1061 1662 1112; baseline 0.001 -12"><span class='ocrx_word' id='word_1_107' title='bbox 194 1063 360 1100; x_wconf 88' lang='lat' dir='ltr'>Abbatis</span> <span class='ocrx_word' id='word_1_108' title='bbox 380 1064 418 1099; x_wconf 92' lang='lat' dir='ltr'>et</span> <span class='ocrx_word' id='word_1_109' title='bbox 438 1061 720 1100; x_wconf 89' lang='lat' dir='ltr'>Canonicorum</span> <span class='ocrx_word' id='word_1_110' title='bbox 738 1063 1064 1111; x_wconf 88' lang='lat' dir='ltr'>presentacionem</span> <span class='ocrx_word' id='word_1_111' title='bbox 1083 1063 1129 1100; x_wconf 91' lang='lat' dir='ltr'>ad</span> <span class='ocrx_word' id='word_1_112' title='bbox 1150 1063 1275 1112; x_wconf 84' lang='lat' dir='ltr'>ipsam</span> <span class='ocrx_word' id='word_1_113' title='bbox 1294 1062 1491 1101; x_wconf 88' lang='lat' dir='ltr'>ecclesiam</span> <span class='ocrx_word' id='word_1_114' title='bbox 1509 1063 1662 1101; x_wconf 88' lang='lat' dir='ltr'>admisi-</span> 
     </span>
     <span class='ocr_line' id='line_1_14' title="bbox 194 1116 1662 1167; baseline 0 -12"><span class='ocrx_word' id='word_1_115' title='bbox 194 1130 280 1155; x_wconf 88' lang='lat' dir='ltr'>mus</span> <span class='ocrx_word' id='word_1_116' title='bbox 315 1119 353 1154; x_wconf 90' lang='lat' dir='ltr'>et</span> <span class='ocrx_word' id='word_1_117' title='bbox 385 1128 587 1165; x_wconf 85' lang='lat' dir='ltr'>personam</span> <span class='ocrx_word' id='word_1_118' title='bbox 619 1117 661 1154; x_wconf 91' lang='lat' dir='ltr'>in</span> <span class='ocrx_word' id='word_1_119' title='bbox 695 1129 737 1153; x_wconf 91' lang='lat' dir='ltr'>ea</span> <span class='ocrx_word' id='word_1_120' title='bbox 768 1116 1010 1154; x_wconf 86' lang='lat' dir='ltr'>instituimus</span> <span class='ocrx_word' id='word_1_121' title='bbox 1039 1120 1076 1154; x_wconf 90' lang='lat' dir='ltr'>et</span> <span class='ocrx_word' id='word_1_122' title='bbox 1102 1129 1333 1155; x_wconf 85' lang='lat' dir='ltr'>successores</span> <span class='ocrx_word' id='word_1_123' title='bbox 1351 1117 1412 1155; x_wconf 90' lang='lat' dir='ltr'>sui</span> <span class='ocrx_word' id='word_1_124' title='bbox 1429 1118 1472 1155; x_wconf 91' lang='lat' dir='ltr'>in</span> <span class='ocrx_word' id='word_1_125' title='bbox 1491 1118 1662 1167; x_wconf 89' lang='lat' dir='ltr'>predicta</span> 
     </span>
     <span class='ocr_line' id='line_1_15' title="bbox 193 1169 1663 1220; baseline 0 -11"><span class='ocrx_word' id='word_1_126' title='bbox 193 1171 351 1209; x_wconf 89' lang='lat' dir='ltr'>ecclesia</span> <span class='ocrx_word' id='word_1_127' title='bbox 387 1170 435 1208; x_wconf 92' lang='lat' dir='ltr'>de</span> <span class='ocrx_word' id='word_1_128' title='bbox 471 1169 600 1220; x_wconf 89' lang='lat' dir='ltr'>Throp</span> <span class='ocrx_word' id='word_1_129' title='bbox 646 1171 690 1208; x_wconf 89' lang='lat' dir='ltr'>in</span> <span class='ocrx_word' id='word_1_130' title='bbox 735 1171 898 1220; x_wconf 89' lang='lat' dir='ltr'>propriis</span> <span class='ocrx_word' id='word_1_131' title='bbox 944 1171 1116 1220; x_wconf 87' lang='lat' dir='ltr'>personis</span> <span class='ocrx_word' id='word_1_132' title='bbox 1162 1170 1418 1209; x_wconf 82' lang='lat' dir='ltr'>ministraturi</span> <span class='ocrx_word' id='word_1_133' title='bbox 1465 1172 1578 1209; x_wconf 88' lang='lat' dir='ltr'>nobis</span> <span class='ocrx_word' id='word_1_134' title='bbox 1624 1175 1663 1210; x_wconf 92' lang='lat' dir='ltr'>et</span> 
     </span>
     <span class='ocr_line' id='line_1_16' title="bbox 193 1224 1663 1276; baseline 0.001 -13"><span class='ocrx_word' id='word_1_135' title='bbox 193 1225 472 1263; x_wconf 89' lang='lat' dir='ltr'>successoribus</span> <span class='ocrx_word' id='word_1_136' title='bbox 508 1224 650 1262; x_wconf 89' lang='lat' dir='ltr'>nostris</span> <span class='ocrx_word' id='word_1_137' title='bbox 687 1224 735 1262; x_wconf 91' lang='lat' dir='ltr'>ab</span> <span class='ocrx_word' id='word_1_138' title='bbox 768 1224 922 1263; x_wconf 89' lang='lat' dir='ltr'>Abbate</span> <span class='ocrx_word' id='word_1_139' title='bbox 959 1228 997 1263; x_wconf 87' lang='lat' dir='ltr'>et</span> <span class='ocrx_word' id='word_1_140' title='bbox 1035 1228 1230 1263; x_wconf 88' lang='lat' dir='ltr'>conventu</span> <span class='ocrx_word' id='word_1_141' title='bbox 1267 1225 1306 1264; x_wconf 89' lang='lat' dir='ltr'>S.</span> <span class='ocrx_word' id='word_1_142' title='bbox 1344 1226 1371 1264; x_wconf 83' lang='lat' dir='ltr'><strong>J</strong></span> <span class='ocrx_word' id='word_1_143' title='bbox 1373 1225 1483 1263; x_wconf 89' lang='lat' dir='ltr'>acobi</span> <span class='ocrx_word' id='word_1_144' title='bbox 1515 1238 1663 1276; x_wconf 87' lang='lat' dir='ltr'>semper</span> 
     </span>
     <span class='ocr_line' id='line_1_17' title="bbox 193 1279 1663 1330; baseline 0 -12"><span class='ocrx_word' id='word_1_145' title='bbox 193 1280 376 1329; x_wconf 87' lang='lat' dir='ltr'>quociens</span> <span class='ocrx_word' id='word_1_146' title='bbox 402 1279 486 1328; x_wconf 90' lang='lat' dir='ltr'>ipsa</span> <span class='ocrx_word' id='word_1_147' title='bbox 512 1279 706 1317; x_wconf 85' lang='lat' dir='ltr'>vacaverit</span> <span class='ocrx_word' id='word_1_148' title='bbox 733 1279 981 1328; x_wconf 87' lang='lat' dir='ltr'>presentandi</span> <span class='ocrx_word' id='word_1_149' title='bbox 1007 1282 1045 1317; x_wconf 92' lang='lat' dir='ltr'>et</span> <span class='ocrx_word' id='word_1_150' title='bbox 1064 1280 1246 1317; x_wconf 89' lang='lat' dir='ltr'>canonice</span> <span class='ocrx_word' id='word_1_151' title='bbox 1264 1279 1497 1317; x_wconf 80' lang='lat' dir='ltr'>instituendi</span> <span class='ocrx_word' id='word_1_152' title='bbox 1514 1280 1663 1330; x_wconf 87' lang='lat' dir='ltr'>integre</span> 
     </span>
     <span class='ocr_line' id='line_1_18' title="bbox 193 1332 1663 1384; baseline 0 -12"><span class='ocrx_word' id='word_1_153' title='bbox 193 1337 231 1372; x_wconf 91' lang='lat' dir='ltr'>et</span> <span class='ocrx_word' id='word_1_154' title='bbox 250 1334 368 1372; x_wconf 87' lang='lat' dir='ltr'>libere</span> <span class='ocrx_word' id='word_1_155' title='bbox 387 1335 571 1383; x_wconf 89' lang='lat' dir='ltr'>perpetuo</span> <span class='ocrx_word' id='word_1_156' title='bbox 586 1332 850 1382; x_wconf 89' lang='lat' dir='ltr'>possidebunt.</span> <span class='ocrx_word' id='word_1_157' title='bbox 911 1333 1088 1371; x_wconf 88' lang='lat' dir='ltr'>Preterea</span> <span class='ocrx_word' id='word_1_158' title='bbox 1107 1334 1234 1371; x_wconf 86' lang='lat' dir='ltr'>dictus</span> <span class='ocrx_word' id='word_1_159' title='bbox 1253 1333 1426 1383; x_wconf 84' lang='lat' dir='ltr'>Rogerus</span> <span class='ocrx_word' id='word_1_160' title='bbox 1445 1334 1663 1384; x_wconf 86' lang='lat' dir='ltr'>capellanus</span> 
     </span>
     <span class='ocr_line' id='line_1_19' title="bbox 193 1387 1659 1437; baseline 0.001 -11"><span class='ocrx_word' id='word_1_161' title='bbox 193 1391 232 1426; x_wconf 91' lang='lat' dir='ltr'>et</span> <span class='ocrx_word' id='word_1_162' title='bbox 251 1400 482 1426; x_wconf 85' lang='lat' dir='ltr'>successores</span> <span class='ocrx_word' id='word_1_163' title='bbox 502 1387 563 1425; x_wconf 89' lang='lat' dir='ltr'>sui</span> <span class='ocrx_word' id='word_1_164' title='bbox 583 1387 804 1436; x_wconf 90' lang='lat' dir='ltr'>persolvent</span> <span class='ocrx_word' id='word_1_165' title='bbox 832 1387 994 1437; x_wconf 84' lang='lat' dir='ltr'>singulis</span> <span class='ocrx_word' id='word_1_166' title='bbox 1022 1388 1135 1425; x_wconf 89' lang='lat' dir='ltr'>annis</span> <span class='ocrx_word' id='word_1_167' title='bbox 1154 1387 1301 1426; x_wconf 90' lang='lat' dir='ltr'>Abbati</span> <span class='ocrx_word' id='word_1_168' title='bbox 1329 1391 1368 1426; x_wconf 91' lang='lat' dir='ltr'>et</span> <span class='ocrx_word' id='word_1_169' title='bbox 1388 1389 1598 1427; x_wconf 88' lang='lat' dir='ltr'>conventui</span> <span class='ocrx_word' id='word_1_170' title='bbox 1619 1388 1659 1427; x_wconf 83' lang='lat' dir='ltr'>S.</span> 
     </span>
     <span class='ocr_line' id='line_1_20' title="bbox 192 1441 1663 1491; baseline 0.001 -11"><span class='ocrx_word' id='word_1_171' title='bbox 192 1442 330 1480; x_wconf 79' lang='lat' dir='ltr'>Jacobi</span> <span class='ocrx_word' id='word_1_172' title='bbox 348 1441 520 1491; x_wconf 82' lang='lat' dir='ltr'>quinque</span> <span class='ocrx_word' id='word_1_173' title='bbox 539 1441 683 1479; x_wconf 90' lang='lat' dir='ltr'>solidos</span> <span class='ocrx_word' id='word_1_174' title='bbox 702 1442 770 1491; x_wconf 84' lang='lat' dir='ltr'>qui</span> <span class='ocrx_word' id='word_1_175' title='bbox 789 1441 980 1480; x_wconf 88' lang='lat' dir='ltr'>debentur</span> <span class='ocrx_word' id='word_1_176' title='bbox 998 1442 1045 1480; x_wconf 88' lang='lat' dir='ltr'>ab</span> <span class='ocrx_word' id='word_1_177' title='bbox 1066 1441 1209 1480; x_wconf 88' lang='lat' dir='ltr'>eisdem</span> <span class='ocrx_word' id='word_1_178' title='bbox 1228 1441 1382 1480; x_wconf 90' lang='lat' dir='ltr'>Abbate</span> <span class='ocrx_word' id='word_1_179' title='bbox 1411 1445 1449 1480; x_wconf 88' lang='lat' dir='ltr'>et</span> <span class='ocrx_word' id='word_1_180' title='bbox 1469 1445 1663 1481; x_wconf 88' lang='lat' dir='ltr'>conventu</span> 
     </span>
     <span class='ocr_line' id='line_1_21' title="bbox 193 1495 1663 1546; baseline 0.001 -12"><span class='ocrx_word' id='word_1_181' title='bbox 193 1497 319 1535; x_wconf 88' lang='lat' dir='ltr'>Priori</span> <span class='ocrx_word' id='word_1_182' title='bbox 351 1499 390 1534; x_wconf 90' lang='lat' dir='ltr'>et</span> <span class='ocrx_word' id='word_1_183' title='bbox 423 1496 633 1534; x_wconf 87' lang='lat' dir='ltr'>conventui</span> <span class='ocrx_word' id='word_1_184' title='bbox 665 1495 703 1534; x_wconf 91' lang='lat' dir='ltr'>S.</span> <span class='ocrx_word' id='word_1_185' title='bbox 725 1496 881 1534; x_wconf 90' lang='lat' dir='ltr'>Andree</span> <span class='ocrx_word' id='word_1_186' title='bbox 908 1496 1110 1534; x_wconf 85' lang='lat' dir='ltr'>annuatim</span> <span class='ocrx_word' id='word_1_187' title='bbox 1138 1509 1207 1546; x_wconf 87' lang='lat' dir='ltr'>pro</span> <span class='ocrx_word' id='word_1_188' title='bbox 1236 1496 1386 1534; x_wconf 88' lang='lat' dir='ltr'>duabus</span> <span class='ocrx_word' id='word_1_189' title='bbox 1408 1496 1535 1546; x_wconf 87' lang='lat' dir='ltr'>garbis</span> <span class='ocrx_word' id='word_1_190' title='bbox 1564 1497 1663 1535; x_wconf 87' lang='lat' dir='ltr'>deci-</span> 
     </span>
     <span class='ocr_line' id='line_1_22' title="bbox 192 1550 1662 1600; baseline 0.001 -12"><span class='ocrx_word' id='word_1_191' title='bbox 192 1564 341 1588; x_wconf 83' lang='lat' dir='ltr'>marum</span> <span class='ocrx_word' id='word_1_192' title='bbox 356 1551 403 1588; x_wconf 91' lang='lat' dir='ltr'>de</span> <span class='ocrx_word' id='word_1_193' title='bbox 418 1553 582 1600; x_wconf 87' lang='lat' dir='ltr'>quatuor</span> <span class='ocrx_word' id='word_1_194' title='bbox 595 1550 754 1600; x_wconf 84' lang='lat' dir='ltr'>virgatis</span> <span class='ocrx_word' id='word_1_195' title='bbox 768 1553 868 1588; x_wconf 91' lang='lat' dir='ltr'>terre</span> <span class='ocrx_word' id='word_1_196' title='bbox 886 1550 928 1587; x_wconf 91' lang='lat' dir='ltr'>in</span> <span class='ocrx_word' id='word_1_197' title='bbox 948 1551 1080 1588; x_wconf 90' lang='lat' dir='ltr'>eadem</span> <span class='ocrx_word' id='word_1_198' title='bbox 1095 1550 1190 1589; x_wconf 88' lang='lat' dir='ltr'>villa</span> <span class='ocrx_word' id='word_1_199' title='bbox 1205 1563 1279 1600; x_wconf 88' lang='lat' dir='ltr'>que</span> <span class='ocrx_word' id='word_1_200' title='bbox 1293 1553 1386 1588; x_wconf 91' lang='lat' dir='ltr'>sunt</span> <span class='ocrx_word' id='word_1_201' title='bbox 1405 1550 1453 1588; x_wconf 91' lang='lat' dir='ltr'>de</span> <span class='ocrx_word' id='word_1_202' title='bbox 1469 1550 1662 1589; x_wconf 89' lang='lat' dir='ltr'>dominico</span> 
     </span>
     <span class='ocr_line' id='line_1_23' title="bbox 191 1604 1663 1655; baseline 0 -12"><span class='ocrx_word' id='word_1_203' title='bbox 191 1604 395 1655; x_wconf 87' lang='lat' dir='ltr'>hospitalis</span> <span class='ocrx_word' id='word_1_204' title='bbox 424 1605 460 1643; x_wconf 82' lang='lat' dir='ltr'>S.</span> <span class='ocrx_word' id='word_1_205' title='bbox 484 1605 511 1642; x_wconf 79' lang='lat' dir='ltr'>J</span> <span class='ocrx_word' id='word_1_206' title='bbox 514 1604 678 1642; x_wconf 84' lang='lat' dir='ltr'>ohannis</span> <span class='ocrx_word' id='word_1_207' title='bbox 707 1604 754 1641; x_wconf 91' lang='lat' dir='ltr'>de</span> <span class='ocrx_word' id='word_1_208' title='bbox 782 1604 1094 1654; x_wconf 86' lang='lat' dir='ltr'>Northampton&#39;.</span> <span class='ocrx_word' id='word_1_209' title='bbox 1153 1604 1333 1643; x_wconf 90' lang='lat' dir='ltr'>Ceterum</span> <span class='ocrx_word' id='word_1_210' title='bbox 1362 1605 1466 1642; x_wconf 88' lang='lat' dir='ltr'>idem</span> <span class='ocrx_word' id='word_1_211' title='bbox 1490 1605 1663 1655; x_wconf 85' lang='lat' dir='ltr'>Rogerus</span> 
     </span>
     <span class='ocr_line' id='line_1_24' title="bbox 192 1658 1659 1709; baseline 0 -12"><span class='ocrx_word' id='word_1_212' title='bbox 192 1663 231 1697; x_wconf 93' lang='lat' dir='ltr'>et</span> <span class='ocrx_word' id='word_1_213' title='bbox 250 1671 482 1697; x_wconf 88' lang='lat' dir='ltr'>successores</span> <span class='ocrx_word' id='word_1_214' title='bbox 501 1659 562 1696; x_wconf 89' lang='lat' dir='ltr'>sui</span> <span class='ocrx_word' id='word_1_215' title='bbox 580 1658 769 1696; x_wconf 86' lang='lat' dir='ltr'>sinodalia</span> <span class='ocrx_word' id='word_1_216' title='bbox 787 1671 855 1708; x_wconf 92' lang='lat' dir='ltr'>pro</span> <span class='ocrx_word' id='word_1_217' title='bbox 875 1659 1033 1697; x_wconf 89' lang='lat' dir='ltr'>ecclesia</span> <span class='ocrx_word' id='word_1_218' title='bbox 1052 1659 1099 1696; x_wconf 89' lang='lat' dir='ltr'>de</span> <span class='ocrx_word' id='word_1_219' title='bbox 1127 1658 1257 1708; x_wconf 90' lang='lat' dir='ltr'>Throp</span> <span class='ocrx_word' id='word_1_220' title='bbox 1277 1659 1408 1697; x_wconf 85' lang='lat' dir='ltr'>debita</span> <span class='ocrx_word' id='word_1_221' title='bbox 1428 1660 1659 1709; x_wconf 90' lang='lat' dir='ltr'>persolvent.</span> 
     </span>
     <span class='ocr_line' id='line_1_25' title="bbox 191 1712 1663 1762; baseline 0 -10"><span class='ocrx_word' id='word_1_222' title='bbox 191 1713 326 1752; x_wconf 89' lang='lat' dir='ltr'>Abbas</span> <span class='ocrx_word' id='word_1_223' title='bbox 345 1716 476 1752; x_wconf 90' lang='lat' dir='ltr'>autem</span> <span class='ocrx_word' id='word_1_224' title='bbox 495 1716 533 1750; x_wconf 90' lang='lat' dir='ltr'>et</span> <span class='ocrx_word' id='word_1_225' title='bbox 552 1713 727 1750; x_wconf 89' lang='lat' dir='ltr'>canonici</span> <span class='ocrx_word' id='word_1_226' title='bbox 745 1713 960 1762; x_wconf 90' lang='lat' dir='ltr'>hospicium</span> <span class='ocrx_word' id='word_1_227' title='bbox 975 1712 1251 1751; x_wconf 83' lang='lat' dir='ltr'>Archidiacom‘</span> <span class='ocrx_word' id='word_1_228' title='bbox 1264 1713 1476 1752; x_wconf 87' lang='lat' dir='ltr'>invenient.</span> <span class='ocrx_word' id='word_1_229' title='bbox 1535 1714 1663 1752; x_wconf 86' lang='lat' dir='ltr'>Salvis</span> 
     </span>
     <span class='ocr_line' id='line_1_26' title="bbox 191 1767 1660 1817; baseline 0.001 -12"><span class='ocrx_word' id='word_1_230' title='bbox 191 1768 235 1805; x_wconf 93' lang='lat' dir='ltr'>in</span> <span class='ocrx_word' id='word_1_231' title='bbox 266 1768 447 1806; x_wconf 90' lang='lat' dir='ltr'>omnibus</span> <span class='ocrx_word' id='word_1_232' title='bbox 478 1767 546 1805; x_wconf 61' lang='lat' dir='ltr'>&amp;a</span> <span class='ocrx_word' id='word_1_233' title='bbox 604 1767 658 1804; x_wconf 89' lang='lat' dir='ltr'>Et</span> <span class='ocrx_word' id='word_1_234' title='bbox 690 1770 735 1805; x_wconf 90' lang='lat' dir='ltr'>ut</span> <span class='ocrx_word' id='word_1_235' title='bbox 766 1767 838 1805; x_wconf 91' lang='lat' dir='ltr'>hec</span> <span class='ocrx_word' id='word_1_236' title='bbox 871 1770 1002 1805; x_wconf 88' lang='lat' dir='ltr'>nostra</span> <span class='ocrx_word' id='word_1_237' title='bbox 1022 1767 1213 1805; x_wconf 87' lang='lat' dir='ltr'>concessio</span> <span class='ocrx_word' id='word_1_238' title='bbox 1232 1771 1457 1817; x_wconf 87' lang='lat' dir='ltr'>perpetuam</span> <span class='ocrx_word' id='word_1_239' title='bbox 1485 1768 1660 1806; x_wconf 88' lang='lat' dir='ltr'>obtineat</span> 
     </span>
     <span class='ocr_line' id='line_1_27' title="bbox 191 1821 1664 1872; baseline 0 -12"><span class='ocrx_word' id='word_1_240' title='bbox 191 1822 414 1860; x_wconf 86' lang='lat' dir='ltr'>firmitatem</span> <span class='ocrx_word' id='word_1_241' title='bbox 428 1821 597 1871; x_wconf 87' lang='lat' dir='ltr'>presenti</span> <span class='ocrx_word' id='word_1_242' title='bbox 611 1821 752 1870; x_wconf 87' lang='lat' dir='ltr'>scripto</span> <span class='ocrx_word' id='word_1_243' title='bbox 768 1821 939 1871; x_wconf 86' lang='lat' dir='ltr'>sigillum</span> <span class='ocrx_word' id='word_1_244' title='bbox 954 1825 1129 1859; x_wconf 88' lang='lat' dir='ltr'>nostrum</span> <span class='ocrx_word' id='word_1_245' title='bbox 1148 1834 1226 1859; x_wconf 91' lang='lat' dir='ltr'>una</span> <span class='ocrx_word' id='word_1_246' title='bbox 1245 1834 1333 1859; x_wconf 92' lang='lat' dir='ltr'>cum</span> <span class='ocrx_word' id='word_1_247' title='bbox 1351 1822 1478 1871; x_wconf 85' lang='lat' dir='ltr'>sigillo</span> <span class='ocrx_word' id='word_1_248' title='bbox 1498 1822 1664 1872; x_wconf 84' lang='lat' dir='ltr'>predicti</span> 
     </span>
     <span class='ocr_line' id='line_1_28' title="bbox 192 1875 1664 1926; baseline 0 -12"><span class='ocrx_word' id='word_1_249' title='bbox 192 1876 353 1926; x_wconf 83' lang='lat' dir='ltr'>capituli</span> <span class='ocrx_word' id='word_1_250' title='bbox 379 1875 502 1913; x_wconf 90' lang='lat' dir='ltr'>nostri</span> <span class='ocrx_word' id='word_1_251' title='bbox 529 1875 638 1912; x_wconf 86' lang='lat' dir='ltr'>Linc&#39;</span> <span class='ocrx_word' id='word_1_252' title='bbox 668 1875 851 1913; x_wconf 83' lang='lat' dir='ltr'>duximus</span> <span class='ocrx_word' id='word_1_253' title='bbox 884 1876 1167 1925; x_wconf 87' lang='lat' dir='ltr'>apponendum.</span> <span class='ocrx_word' id='word_1_254' title='bbox 1227 1875 1406 1914; x_wconf 88' lang='lat' dir='ltr'>Testibus</span> <span class='ocrx_word' id='word_1_255' title='bbox 1434 1879 1473 1913; x_wconf 89' lang='lat' dir='ltr'>et</span> <span class='ocrx_word' id='word_1_256' title='bbox 1500 1876 1591 1914; x_wconf 89' lang='lat' dir='ltr'>Dat&#39;</span> <span class='ocrx_word' id='word_1_257' title='bbox 1619 1880 1664 1914; x_wconf 92' lang='lat' dir='ltr'>ut</span> 
     </span>
     <span class='ocr_line' id='line_1_29' title="bbox 193 1929 1665 1980; baseline 0.001 -12"><span class='ocrx_word' id='word_1_258' title='bbox 193 1943 306 1980; x_wconf 90' lang='lat' dir='ltr'>supra</span> <span class='ocrx_word' id='word_1_259' title='bbox 333 1930 376 1967; x_wconf 88' lang='lat' dir='ltr'>in</span> <span class='ocrx_word' id='word_1_260' title='bbox 405 1933 507 1968; x_wconf 89' lang='lat' dir='ltr'>carta</span> <span class='ocrx_word' id='word_1_261' title='bbox 535 1929 672 1967; x_wconf 89' lang='lat' dir='ltr'>domus</span> <span class='ocrx_word' id='word_1_262' title='bbox 700 1929 905 1979; x_wconf 87' lang='lat' dir='ltr'>hospitalis</span> <span class='ocrx_word' id='word_1_263' title='bbox 934 1930 972 1969; x_wconf 91' lang='lat' dir='ltr'>S.</span> <span class='ocrx_word' id='word_1_264' title='bbox 1004 1930 1112 1968; x_wconf 89' lang='lat' dir='ltr'>Petri</span> <span class='ocrx_word' id='word_1_265' title='bbox 1140 1930 1187 1968; x_wconf 92' lang='lat' dir='ltr'>de</span> <span class='ocrx_word' id='word_1_266' title='bbox 1220 1929 1335 1968; x_wconf 87' lang='lat' dir='ltr'>Ebor&#39;</span> <span class='ocrx_word' id='word_1_267' title='bbox 1368 1942 1481 1980; x_wconf 88' lang='lat' dir='ltr'>super</span> <span class='ocrx_word' id='word_1_268' title='bbox 1514 1931 1665 1969; x_wconf 91' lang='lat' dir='ltr'>duobus</span> 
     </span>
     <span class='ocr_line' id='line_1_30' title="bbox 192 1983 1075 2034; baseline 0 -11"><span class='ocrx_word' id='word_1_269' title='bbox 192 1985 327 2023; x_wconf 88' lang='lat' dir='ltr'>solidis</span> <span class='ocrx_word' id='word_1_270' title='bbox 346 1985 389 2022; x_wconf 89' lang='lat' dir='ltr'>in</span> <span class='ocrx_word' id='word_1_271' title='bbox 408 1984 614 2022; x_wconf 77' lang='lat' dir='ltr'>medietate</span> <span class='ocrx_word' id='word_1_272' title='bbox 633 1983 789 2022; x_wconf 86' lang='lat' dir='ltr'>ecclesie</span> <span class='ocrx_word' id='word_1_273' title='bbox 808 1984 856 2022; x_wconf 91' lang='lat' dir='ltr'>de</span> <span class='ocrx_word' id='word_1_274' title='bbox 874 1984 1075 2034; x_wconf 85' lang='lat' dir='ltr'>Alethorp.</span> 
     </span>
    </p>
   </div>
   <div class='ocr_carea' id='block_1_3' title="bbox 273 2089 1666 2184">
    <p class='ocr_par' dir='ltr' id='par_1_4' title="bbox 273 2089 1666 2184">
     <span class='ocr_line' id='line_1_31' title="bbox 273 2089 597 2125; baseline -0.006 -1"><span class='ocrx_word' id='word_1_275' title='bbox 273 2089 597 2125; x_wconf 71' lang='lat' dir='ltr'>WROKESTAN.</span> 
     </span>
     <span class='ocr_line' id='line_1_32' title="bbox 273 2133 1666 2184; baseline -0.001 -10"><span class='ocrx_word' id='word_1_276' title='bbox 273 2135 476 2174; x_wconf 88' lang='lat' dir='ltr'>Universis</span> <span class='ocrx_word' id='word_1_277' title='bbox 495 2133 562 2173; x_wconf 60' lang='lat' dir='ltr'>&amp;a</span> <span class='ocrx_word' id='word_1_278' title='bbox 621 2133 787 2173; x_wconf 88' lang='lat' dir='ltr'>Noverit</span> <span class='ocrx_word' id='word_1_279' title='bbox 820 2133 1053 2172; x_wconf 86' lang='lat' dir='ltr'>universitas</span> <span class='ocrx_word' id='word_1_280' title='bbox 1083 2136 1209 2172; x_wconf 87' lang='lat' dir='ltr'>vestra</span> <span class='ocrx_word' id='word_1_281' title='bbox 1236 2134 1341 2184; x_wconf 85' lang='lat' dir='ltr'>quod</span> <span class='ocrx_word' id='word_1_282' title='bbox 1368 2147 1439 2173; x_wconf 90' lang='lat' dir='ltr'>nos</span> <span class='ocrx_word' id='word_1_283' title='bbox 1466 2134 1595 2173; x_wconf 91' lang='lat' dir='ltr'>locum</span> <span class='ocrx_word' id='word_1_284' title='bbox 1622 2135 1666 2173; x_wconf 91' lang='lat' dir='ltr'>in</span> 
     </span>
    </p>
   </div>
   <div class='ocr_carea' id='block_1_4' title="bbox 191 2187 1669 3107">
    <p class='ocr_par' dir='ltr' id='par_1_5' title="bbox 191 2187 1669 3107">
     <span class='ocr_line' id='line_1_33' title="bbox 192 2187 1666 2239; baseline 0 -11"><span class='ocrx_word' id='word_1_285' title='bbox 192 2189 287 2228; x_wconf 90' lang='lat' dir='ltr'>villa</span> <span class='ocrx_word' id='word_1_286' title='bbox 306 2190 354 2227; x_wconf 92' lang='lat' dir='ltr'>de</span> <span class='ocrx_word' id='word_1_287' title='bbox 377 2188 604 2226; x_wconf 85' lang='lat' dir='ltr'>Wrokestan</span> <span class='ocrx_word' id='word_1_288' title='bbox 618 2188 686 2238; x_wconf 89' lang='lat' dir='ltr'>qui</span> <span class='ocrx_word' id='word_1_289' title='bbox 706 2188 847 2226; x_wconf 87' lang='lat' dir='ltr'>dicitur</span> <span class='ocrx_word' id='word_1_290' title='bbox 865 2188 972 2226; x_wconf 90' lang='lat' dir='ltr'>locus</span> <span class='ocrx_word' id='word_1_291' title='bbox 993 2187 1031 2227; x_wconf 91' lang='lat' dir='ltr'>S.</span> <span class='ocrx_word' id='word_1_292' title='bbox 1054 2188 1177 2226; x_wconf 76' lang='lat' dir='ltr'>Mai-ie</span> <span class='ocrx_word' id='word_1_293' title='bbox 1197 2201 1285 2227; x_wconf 91' lang='lat' dir='ltr'>cum</span> <span class='ocrx_word' id='word_1_294' title='bbox 1304 2189 1449 2239; x_wconf 90' lang='lat' dir='ltr'>capella</span> <span class='ocrx_word' id='word_1_295' title='bbox 1463 2189 1506 2227; x_wconf 90' lang='lat' dir='ltr'>in</span> <span class='ocrx_word' id='word_1_296' title='bbox 1520 2189 1666 2228; x_wconf 89' lang='lat' dir='ltr'>honore</span> 
     </span>
     <span class='ocr_line' id='line_1_34' title="bbox 193 2242 1666 2293; baseline -0.001 -11"><span class='ocrx_word' id='word_1_297' title='bbox 193 2245 311 2282; x_wconf 88' lang='lat' dir='ltr'>Beate</span> <span class='ocrx_word' id='word_1_298' title='bbox 330 2243 453 2281; x_wconf 90' lang='lat' dir='ltr'>Marie</span> <span class='ocrx_word' id='word_1_299' title='bbox 471 2242 617 2280; x_wconf 91' lang='lat' dir='ltr'>ibidem</span> <span class='ocrx_word' id='word_1_300' title='bbox 636 2242 800 2280; x_wconf 80' lang='lat' dir='ltr'>fundata</span> <span class='ocrx_word' id='word_1_301' title='bbox 819 2246 858 2280; x_wconf 90' lang='lat' dir='ltr'>et</span> <span class='ocrx_word' id='word_1_302' title='bbox 878 2242 1010 2280; x_wconf 91' lang='lat' dir='ltr'>domos</span> <span class='ocrx_word' id='word_1_303' title='bbox 1029 2246 1066 2280; x_wconf 90' lang='lat' dir='ltr'>et</span> <span class='ocrx_word' id='word_1_304' title='bbox 1081 2243 1226 2280; x_wconf 89' lang='lat' dir='ltr'>curiam</span> <span class='ocrx_word' id='word_1_305' title='bbox 1245 2246 1368 2281; x_wconf 91' lang='lat' dir='ltr'>totam</span> <span class='ocrx_word' id='word_1_306' title='bbox 1384 2256 1472 2282; x_wconf 90' lang='lat' dir='ltr'>cum</span> <span class='ocrx_word' id='word_1_307' title='bbox 1485 2244 1666 2293; x_wconf 83' lang='lat' dir='ltr'>virgultis</span> 
     </span>
     <span class='ocr_line' id='line_1_35' title="bbox 193 2296 1666 2347; baseline 0 -11"><span class='ocrx_word' id='word_1_308' title='bbox 193 2302 232 2336; x_wconf 90' lang='lat' dir='ltr'>et</span> <span class='ocrx_word' id='word_1_309' title='bbox 250 2297 409 2337; x_wconf 89' lang='lat' dir='ltr'>vivariis</span> <span class='ocrx_word' id='word_1_310' title='bbox 428 2300 466 2335; x_wconf 91' lang='lat' dir='ltr'>et</span> <span class='ocrx_word' id='word_1_311' title='bbox 488 2297 616 2347; x_wconf 91' lang='lat' dir='ltr'>spacio</span> <span class='ocrx_word' id='word_1_312' title='bbox 645 2296 749 2346; x_wconf 89' lang='lat' dir='ltr'>quod</span> <span class='ocrx_word' id='word_1_313' title='bbox 778 2297 997 2335; x_wconf 89' lang='lat' dir='ltr'>continetur</span> <span class='ocrx_word' id='word_1_314' title='bbox 1024 2297 1125 2335; x_wconf 84' lang='lat' dir='ltr'>infra</span> <span class='ocrx_word' id='word_1_315' title='bbox 1153 2297 1344 2335; x_wconf 90' lang='lat' dir='ltr'>ambitum</span> <span class='ocrx_word' id='word_1_316' title='bbox 1363 2298 1464 2335; x_wconf 89' lang='lat' dir='ltr'>muri</span> <span class='ocrx_word' id='word_1_317' title='bbox 1483 2298 1589 2347; x_wconf 87' lang='lat' dir='ltr'>quod</span> <span class='ocrx_word' id='word_1_318' title='bbox 1607 2301 1666 2336; x_wconf 89' lang='lat' dir='ltr'>est</span> 
     </span>
     <span class='ocr_line' id='line_1_36' title="bbox 193 2351 1667 2390; baseline 0 0"><span class='ocrx_word' id='word_1_319' title='bbox 193 2353 290 2390; x_wconf 89' lang='lat' dir='ltr'>circa</span> <span class='ocrx_word' id='word_1_320' title='bbox 317 2352 471 2390; x_wconf 86' lang='lat' dir='ltr'>vineam</span> <span class='ocrx_word' id='word_1_321' title='bbox 500 2355 537 2388; x_wconf 92' lang='lat' dir='ltr'>et</span> <span class='ocrx_word' id='word_1_322' title='bbox 575 2351 672 2389; x_wconf 89' lang='lat' dir='ltr'>circa</span> <span class='ocrx_word' id='word_1_323' title='bbox 709 2351 853 2388; x_wconf 91' lang='lat' dir='ltr'>curiam</span> <span class='ocrx_word' id='word_1_324' title='bbox 890 2354 928 2388; x_wconf 91' lang='lat' dir='ltr'>et</span> <span class='ocrx_word' id='word_1_325' title='bbox 965 2351 1145 2389; x_wconf 89' lang='lat' dir='ltr'>omnibus</span> <span class='ocrx_word' id='word_1_326' title='bbox 1182 2352 1284 2389; x_wconf 79' lang='lat' dir='ltr'>infra</span> <span class='ocrx_word' id='word_1_327' title='bbox 1321 2352 1484 2390; x_wconf 89' lang='lat' dir='ltr'>eandem</span> <span class='ocrx_word' id='word_1_328' title='bbox 1522 2352 1667 2390; x_wconf 90' lang='lat' dir='ltr'>curiam</span> 
     </span>
     <span class='ocr_line' id='line_1_37' title="bbox 193 2405 1667 2455; baseline -0.001 -10"><span class='ocrx_word' id='word_1_329' title='bbox 193 2406 386 2445; x_wconf 89' lang='lat' dir='ltr'>contentis</span> <span class='ocrx_word' id='word_1_330' title='bbox 400 2405 696 2444; x_wconf 88' lang='lat' dir='ltr'>advocacionem</span> <span class='ocrx_word' id='word_1_331' title='bbox 711 2405 831 2443; x_wconf 87' lang='lat' dir='ltr'>eciam</span> <span class='ocrx_word' id='word_1_332' title='bbox 846 2405 1001 2443; x_wconf 84' lang='lat' dir='ltr'>ecclesie</span> <span class='ocrx_word' id='word_1_333' title='bbox 1015 2405 1244 2455; x_wconf 86' lang='lat' dir='ltr'>parochialis</span> <span class='ocrx_word' id='word_1_334' title='bbox 1259 2406 1306 2443; x_wconf 92' lang='lat' dir='ltr'>de</span> <span class='ocrx_word' id='word_1_335' title='bbox 1326 2406 1562 2444; x_wconf 86' lang='lat' dir='ltr'>Wrokestan</span> <span class='ocrx_word' id='word_1_336' title='bbox 1578 2419 1667 2444; x_wconf 93' lang='lat' dir='ltr'>cum</span> 
     </span>
     <span class='ocr_line' id='line_1_38' title="bbox 192 2459 1665 2511; baseline -0.001 -12"><span class='ocrx_word' id='word_1_337' title='bbox 192 2460 442 2511; x_wconf 89' lang='lat' dir='ltr'>pertinenciis</span> <span class='ocrx_word' id='word_1_338' title='bbox 478 2460 557 2497; x_wconf 91' lang='lat' dir='ltr'>suis</span> <span class='ocrx_word' id='word_1_339' title='bbox 594 2472 668 2508; x_wconf 88' lang='lat' dir='ltr'>que</span> <span class='ocrx_word' id='word_1_340' title='bbox 707 2460 836 2497; x_wconf 90' lang='lat' dir='ltr'>omnia</span> <span class='ocrx_word' id='word_1_341' title='bbox 873 2459 1036 2497; x_wconf 90' lang='lat' dir='ltr'>dilectus</span> <span class='ocrx_word' id='word_1_342' title='bbox 1073 2459 1116 2496; x_wconf 88' lang='lat' dir='ltr'>in</span> <span class='ocrx_word' id='word_1_343' title='bbox 1153 2459 1309 2499; x_wconf 87' lang='lat' dir='ltr'>Christo</span> <span class='ocrx_word' id='word_1_344' title='bbox 1342 2460 1445 2498; x_wconf 88' lang='lat' dir='ltr'>filius</span> <span class='ocrx_word' id='word_1_345' title='bbox 1479 2460 1665 2510; x_wconf 85' lang='lat' dir='ltr'>Magister</span> 
     </span>
     <span class='ocr_line' id='line_1_39' title="bbox 192 2513 1665 2564; baseline -0.001 -11"><span class='ocrx_word' id='word_1_346' title='bbox 192 2515 363 2553; x_wconf 88' lang='lat' dir='ltr'>Michael</span> <span class='ocrx_word' id='word_1_347' title='bbox 390 2514 501 2552; x_wconf 88' lang='lat' dir='ltr'>Belet</span> <span class='ocrx_word' id='word_1_348' title='bbox 528 2513 631 2551; x_wconf 90' lang='lat' dir='ltr'>filius</span> <span class='ocrx_word' id='word_1_349' title='bbox 660 2513 864 2552; x_wconf 86' lang='lat' dir='ltr'>Michaelis</span> <span class='ocrx_word' id='word_1_350' title='bbox 891 2514 1002 2551; x_wconf 86' lang='lat' dir='ltr'>Belet</span> <span class='ocrx_word' id='word_1_351' title='bbox 1040 2514 1246 2553; x_wconf 87' lang='lat' dir='ltr'>Canonicis</span> <span class='ocrx_word' id='word_1_352' title='bbox 1279 2515 1383 2564; x_wconf 92' lang='lat' dir='ltr'>apud</span> <span class='ocrx_word' id='word_1_353' title='bbox 1418 2514 1665 2553; x_wconf 88' lang='lat' dir='ltr'>Wrokestan’</span> 
     </span>
     <span class='ocr_line' id='line_1_40' title="bbox 191 2567 1665 2619; baseline 0 -12"><span class='ocrx_word' id='word_1_354' title='bbox 191 2569 476 2619; x_wconf 87' lang='lat' dir='ltr'>imperpetuum</span> <span class='ocrx_word' id='word_1_355' title='bbox 513 2567 583 2605; x_wconf 92' lang='lat' dir='ltr'>deo</span> <span class='ocrx_word' id='word_1_356' title='bbox 612 2568 810 2606; x_wconf 90' lang='lat' dir='ltr'>servituris</span> <span class='ocrx_word' id='word_1_357' title='bbox 847 2568 890 2605; x_wconf 90' lang='lat' dir='ltr'>in</span> <span class='ocrx_word' id='word_1_358' title='bbox 917 2580 1053 2617; x_wconf 90' lang='lat' dir='ltr'>puram</span> <span class='ocrx_word' id='word_1_359' title='bbox 1081 2571 1119 2605; x_wconf 92' lang='lat' dir='ltr'>et</span> <span class='ocrx_word' id='word_1_360' title='bbox 1153 2571 1377 2617; x_wconf 89' lang='lat' dir='ltr'>perpetuam</span> <span class='ocrx_word' id='word_1_361' title='bbox 1416 2568 1665 2607; x_wconf 88' lang='lat' dir='ltr'>elemosinam</span> 
     </span>
     <span class='ocr_line' id='line_1_41' title="bbox 192 2621 1665 2672; baseline 0 -11"><span class='ocrx_word' id='word_1_362' title='bbox 192 2623 369 2667; x_wconf 89' lang='lat' dir='ltr'>contulit,</span> <span class='ocrx_word' id='word_1_363' title='bbox 391 2622 536 2660; x_wconf 89' lang='lat' dir='ltr'>eisdem</span> <span class='ocrx_word' id='word_1_364' title='bbox 566 2622 759 2660; x_wconf 87' lang='lat' dir='ltr'>canonicis</span> <span class='ocrx_word' id='word_1_365' title='bbox 793 2622 892 2660; x_wconf 90' lang='lat' dir='ltr'>sicut</span> <span class='ocrx_word' id='word_1_366' title='bbox 925 2635 968 2660; x_wconf 91' lang='lat' dir='ltr'>ea</span> <span class='ocrx_word' id='word_1_367' title='bbox 1000 2635 1022 2659; x_wconf 88' lang='lat' dir='ltr'>a</span> <span class='ocrx_word' id='word_1_368' title='bbox 1053 2621 1227 2672; x_wconf 90' lang='lat' dir='ltr'>predicto</span> <span class='ocrx_word' id='word_1_369' title='bbox 1258 2622 1446 2671; x_wconf 84' lang='lat' dir='ltr'>Magistro</span> <span class='ocrx_word' id='word_1_370' title='bbox 1480 2623 1534 2661; x_wconf 89' lang='lat' dir='ltr'>eis</span> <span class='ocrx_word' id='word_1_371' title='bbox 1558 2624 1665 2672; x_wconf 85' lang='lat' dir='ltr'>juste</span> 
     </span>
     <span class='ocr_line' id='line_1_42' title="bbox 192 2676 1664 2726; baseline -0.001 -10"><span class='ocrx_word' id='word_1_372' title='bbox 192 2678 330 2716; x_wconf 83' lang='lat' dir='ltr'>collata</span> <span class='ocrx_word' id='word_1_373' title='bbox 348 2679 440 2715; x_wconf 89' lang='lat' dir='ltr'>sunt</span> <span class='ocrx_word' id='word_1_374' title='bbox 460 2679 498 2714; x_wconf 88' lang='lat' dir='ltr'>et</span> <span class='ocrx_word' id='word_1_375' title='bbox 519 2688 706 2724; x_wconf 86' lang='lat' dir='ltr'>concessa,</span> <span class='ocrx_word' id='word_1_376' title='bbox 727 2676 953 2714; x_wconf 89' lang='lat' dir='ltr'>auctoritate</span> <span class='ocrx_word' id='word_1_377' title='bbox 973 2676 1180 2726; x_wconf 86' lang='lat' dir='ltr'>episcopali</span> <span class='ocrx_word' id='word_1_378' title='bbox 1199 2677 1477 2716; x_wconf 88' lang='lat' dir='ltr'>confirmamus.</span> <span class='ocrx_word' id='word_1_379' title='bbox 1537 2677 1664 2716; x_wconf 88' lang='lat' dir='ltr'>Salvis</span> 
     </span>
     <span class='ocr_line' id='line_1_43' title="bbox 191 2730 1669 2781; baseline -0.001 -11"><span class='ocrx_word' id='word_1_380' title='bbox 191 2732 235 2770; x_wconf 88' lang='lat' dir='ltr'>in</span> <span class='ocrx_word' id='word_1_381' title='bbox 255 2731 434 2770; x_wconf 88' lang='lat' dir='ltr'>omnibus</span> <span class='ocrx_word' id='word_1_382' title='bbox 457 2731 517 2769; x_wconf 64' lang='lat' dir='ltr'>&amp;a</span> <span class='ocrx_word' id='word_1_383' title='bbox 577 2730 692 2778; x_wconf 72' lang='lat' dir='ltr'>Quod</span> <span class='ocrx_word' id='word_1_384' title='bbox 720 2733 764 2768; x_wconf 92' lang='lat' dir='ltr'>ut</span> <span class='ocrx_word' id='word_1_385' title='bbox 791 2733 1016 2780; x_wconf 90' lang='lat' dir='ltr'>perpetuam</span> <span class='ocrx_word' id='word_1_386' title='bbox 1044 2730 1219 2768; x_wconf 84' lang='lat' dir='ltr'>obtineat</span> <span class='ocrx_word' id='word_1_387' title='bbox 1245 2731 1467 2769; x_wconf 84' lang='lat' dir='ltr'>firmitatem</span> <span class='ocrx_word' id='word_1_388' title='bbox 1494 2731 1669 2781; x_wconf 91' lang='lat' dir='ltr'>presenti</span> 
     </span>
     <span class='ocr_line' id='line_1_44' title="bbox 192 2784 1664 2836; baseline -0.001 -12"><span class='ocrx_word' id='word_1_389' title='bbox 192 2786 333 2836; x_wconf 91' lang='lat' dir='ltr'>scripto</span> <span class='ocrx_word' id='word_1_390' title='bbox 367 2788 405 2823; x_wconf 92' lang='lat' dir='ltr'>et</span> <span class='ocrx_word' id='word_1_391' title='bbox 437 2784 556 2835; x_wconf 85' lang='lat' dir='ltr'>sigilli</span> <span class='ocrx_word' id='word_1_392' title='bbox 587 2785 711 2823; x_wconf 88' lang='lat' dir='ltr'>nostri</span> <span class='ocrx_word' id='word_1_393' title='bbox 743 2785 927 2822; x_wconf 86' lang='lat' dir='ltr'>duximus</span> <span class='ocrx_word' id='word_1_394' title='bbox 963 2784 1209 2834; x_wconf 88' lang='lat' dir='ltr'>apposicione</span> <span class='ocrx_word' id='word_1_395' title='bbox 1246 2785 1515 2824; x_wconf 90' lang='lat' dir='ltr'>roborandum.</span> <span class='ocrx_word' id='word_1_396' title='bbox 1574 2786 1664 2823; x_wconf 89' lang='lat' dir='ltr'>Hiis</span> 
     </span>
     <span class='ocr_line' id='line_1_45' title="bbox 192 2838 1667 2888; baseline 0 -11"><span class='ocrx_word' id='word_1_397' title='bbox 192 2840 372 2878; x_wconf 88' lang='lat' dir='ltr'>Testibus</span> <span class='ocrx_word' id='word_1_398' title='bbox 401 2839 550 2876; x_wconf 86' lang='lat' dir='ltr'>Thoma</span> <span class='ocrx_word' id='word_1_399' title='bbox 579 2838 627 2876; x_wconf 92' lang='lat' dir='ltr'>de</span> <span class='ocrx_word' id='word_1_400' title='bbox 656 2838 884 2887; x_wconf 85' lang='lat' dir='ltr'>Fiskerton’,</span> <span class='ocrx_word' id='word_1_401' title='bbox 917 2839 1032 2877; x_wconf 84' lang='lat' dir='ltr'>Petro</span> <span class='ocrx_word' id='word_1_402' title='bbox 1062 2838 1110 2876; x_wconf 92' lang='lat' dir='ltr'>de</span> <span class='ocrx_word' id='word_1_403' title='bbox 1143 2838 1269 2886; x_wconf 86' lang='lat' dir='ltr'>Bath&#39;,</span> <span class='ocrx_word' id='word_1_404' title='bbox 1301 2839 1487 2888; x_wconf 86' lang='lat' dir='ltr'>Magistro</span> <span class='ocrx_word' id='word_1_405' title='bbox 1523 2840 1586 2878; x_wconf 89' lang='lat' dir='ltr'>W.</span> <span class='ocrx_word' id='word_1_406' title='bbox 1618 2840 1667 2877; x_wconf 90' lang='lat' dir='ltr'>de</span> 
     </span>
     <span class='ocr_line' id='line_1_46' title="bbox 193 2892 1667 2943; baseline 0 -11"><span class='ocrx_word' id='word_1_407' title='bbox 193 2894 320 2941; x_wconf 85' lang='lat' dir='ltr'>WeH&#39;,</span> <span class='ocrx_word' id='word_1_408' title='bbox 338 2894 384 2932; x_wconf 87' lang='lat' dir='ltr'>R.</span> <span class='ocrx_word' id='word_1_409' title='bbox 402 2893 450 2931; x_wconf 90' lang='lat' dir='ltr'>de</span> <span class='ocrx_word' id='word_1_410' title='bbox 465 2893 618 2941; x_wconf 86' lang='lat' dir='ltr'>Bohun,</span> <span class='ocrx_word' id='word_1_411' title='bbox 636 2893 834 2942; x_wconf 89' lang='lat' dir='ltr'>Stephano</span> <span class='ocrx_word' id='word_1_412' title='bbox 849 2893 897 2930; x_wconf 88' lang='lat' dir='ltr'>de</span> <span class='ocrx_word' id='word_1_413' title='bbox 916 2892 995 2932; x_wconf 82' lang='lat' dir='ltr'>Cic’</span> <span class='ocrx_word' id='word_1_414' title='bbox 1010 2893 1141 2931; x_wconf 90' lang='lat' dir='ltr'>canon&#39;</span> <span class='ocrx_word' id='word_1_415' title='bbox 1158 2893 1278 2936; x_wconf 84' lang='lat' dir='ltr'>Line&#39;,</span> <span class='ocrx_word' id='word_1_416' title='bbox 1296 2894 1482 2943; x_wconf 86' lang='lat' dir='ltr'>Magistro</span> <span class='ocrx_word' id='word_1_417' title='bbox 1501 2894 1667 2932; x_wconf 84' lang='lat' dir='ltr'>Ricardo</span> 
     </span>
     <span class='ocr_line' id='line_1_47' title="bbox 192 2946 1666 2997; baseline 0 -11"><span class='ocrx_word' id='word_1_418' title='bbox 192 2948 242 2986; x_wconf 88' lang='lat' dir='ltr'>de</span> <span class='ocrx_word' id='word_1_419' title='bbox 260 2948 471 2997; x_wconf 86' lang='lat' dir='ltr'>Tinghurst</span> <span class='ocrx_word' id='word_1_420' title='bbox 496 2950 535 2985; x_wconf 90' lang='lat' dir='ltr'>et</span> <span class='ocrx_word' id='word_1_421' title='bbox 555 2946 711 2985; x_wconf 89' lang='lat' dir='ltr'>Olivero</span> <span class='ocrx_word' id='word_1_422' title='bbox 740 2947 788 2984; x_wconf 92' lang='lat' dir='ltr'>de</span> <span class='ocrx_word' id='word_1_423' title='bbox 808 2947 996 2986; x_wconf 88' lang='lat' dir='ltr'>Chednet&#39;</span> <span class='ocrx_word' id='word_1_424' title='bbox 1017 2950 1056 2985; x_wconf 84' lang='lat' dir='ltr'>et</span> <span class='ocrx_word' id='word_1_425' title='bbox 1083 2947 1180 2985; x_wconf 87' lang='lat' dir='ltr'>aliis.</span> <span class='ocrx_word' id='word_1_426' title='bbox 1239 2947 1330 2985; x_wconf 90' lang='lat' dir='ltr'>Dat&#39;</span> <span class='ocrx_word' id='word_1_427' title='bbox 1350 2960 1418 2997; x_wconf 92' lang='lat' dir='ltr'>per</span> <span class='ocrx_word' id='word_1_428' title='bbox 1445 2960 1585 2986; x_wconf 88' lang='lat' dir='ltr'>manus</span> <span class='ocrx_word' id='word_1_429' title='bbox 1605 2949 1666 2986; x_wconf 94' lang='lat' dir='ltr'>W.</span> 
     </span>
     <span class='ocr_line' id='line_1_48' title="bbox 194 3000 1666 3052; baseline 0 -12"><span class='ocrx_word' id='word_1_430' title='bbox 194 3002 241 3040; x_wconf 90' lang='lat' dir='ltr'>de</span> <span class='ocrx_word' id='word_1_431' title='bbox 277 3000 433 3039; x_wconf 89' lang='lat' dir='ltr'>Tornac&#39;</span> <span class='ocrx_word' id='word_1_432' title='bbox 471 3001 730 3038; x_wconf 88' lang='lat' dir='ltr'>archidiaconi</span> <span class='ocrx_word' id='word_1_433' title='bbox 767 3001 895 3039; x_wconf 87' lang='lat' dir='ltr'>Stowe</span> <span class='ocrx_word' id='word_1_434' title='bbox 932 3001 1036 3051; x_wconf 86' lang='lat' dir='ltr'>apud</span> <span class='ocrx_word' id='word_1_435' title='bbox 1072 3001 1248 3051; x_wconf 86' lang='lat' dir='ltr'>Kildeby</span> <span class='ocrx_word' id='word_1_436' title='bbox 1290 3014 1316 3039; x_wconf 86' lang='lat' dir='ltr'>v</span> <span class='ocrx_word' id='word_1_437' title='bbox 1354 3002 1450 3039; x_wconf 88' lang='lat' dir='ltr'>Idus</span> <span class='ocrx_word' id='word_1_438' title='bbox 1486 3002 1666 3052; x_wconf 84' lang='lat' dir='ltr'>Januarij</span> 
     </span>
     <span class='ocr_line' id='line_1_49' title="bbox 193 3055 801 3107; baseline -0.003 -13"><span class='ocrx_word' id='word_1_439' title='bbox 193 3056 441 3107; x_wconf 88' lang='lat' dir='ltr'>pontificatus</span> <span class='ocrx_word' id='word_1_440' title='bbox 460 3055 582 3093; x_wconf 89' lang='lat' dir='ltr'>nostri</span> <span class='ocrx_word' id='word_1_441' title='bbox 609 3068 711 3092; x_wconf 88' lang='lat' dir='ltr'>anno</span> <span class='ocrx_word' id='word_1_442' title='bbox 730 3055 801 3093; x_wconf 85' lang='lat' dir='ltr'>ix0.</span> 
     </span>
    </p>
   </div>
  </div>
 </body>
</html>
