1844 3178
650 333 858 368 HUGONIS
887 333 1051 368 WELLS.
1538 322 1590 364 65

135 433 367 473 decimarum
384 435 465 471 tam
482 433 669 482 majorum
687 444 802 482 quam
821 431 1012 470 minorum
1031 430 1226 469 ecclesiam
1244 429 1292 468 de
1312 428 1473 468 Wiham
1504 443 1592 470 con-

135 487 373 537 tingencium
391 499 479 525 cum
496 490 578 525 toto
597 487 734 536 ciragio
752 485 923 535 exceptis
950 485 1107 523 decimis
1144 485 1193 522 (16
1225 486 1389 534 quatuor
1417 484 1589 533 culturis,

134 541 315 580 videlicet
342 540 390 578 de
417 541 493 579 Dic
521 541 735 589 Hanwang,
770 539 1018 588 Scoritwang,
1045 537 1337 584 Hunthawahli,
1359 550 1408 575 ex
1425 540 1590 588 utraque

134 598 241 645 parte
267 594 331 632 vie
348 607 422 643 que
444 595 571 632 tendit
589 594 637 632 de
656 593 773 632 Lund
790 605 912 642 usque
936 592 1139 630 Edenham
1167 594 1205 629 et
1233 591 1402 641 exceptis
1430 590 1590 630 decimis

134 648 308 686 omnium
333 651 518 686 terrarum
545 647 592 685 de
620 647 820 685 dominicis
846 647 956 684 terris
983 646 1252 684 canonicorum
1285 644 1332 682 de
1370 644 1594 684 Bridlinton

134 714 229 752 quas
247 701 392 739 habent
410 702 452 739 in
470 701 668 752 parrochia
694 700 742 738 de
761 700 922 738 Wiham
949 699 996 738 de
1015 701 1156 749 quibus
1175 699 1338 737 vicarius
1357 698 1405 736 (16
1424 699 1585 737 Wiham

134 755 258 794 nichil
285 756 478 805 percipiet.
549 754 723 793 Habebit
754 754 873 792 eciam
903 753 1067 792 vicarius
1098 765 1275 791 mansum
1308 755 1589 801 competentem

133 809 353 848 edificatum
372 813 410 846 et
428 809 571 847 toftum
589 808 712 846 eidem
730 820 862 846 manso
881 807 1120 857 adjacentem
1139 812 1177 845 et
1196 806 1412 844 communia
1430 809 1585 855 pasture

134 863 227 901 ville
259 862 307 901 de
336 863 520 901 Wiham:
561 866 599 900 et
628 862 834 900 sustinebit
862 861 991 899 omnia
1023 874 1137 899 onera
1164 860 1393 910 episcopalia
1412 864 1450 898 et
1469 860 1589 898 archi-

134 916 358 964 diaconalia,
392 920 430 954 et
460 916 575 954 faciet
594 916 776 954 deserviri
792 916 835 953 in
856 914 1001 965 capella
1028 914 1076 952 de
1095 914 1212 952 Lund
1230 913 1433 952 dominicis
1452 913 1590 952 diebus

1142 968 1195 976 ..o-

136 1024 208 1063 viii
226 1023 350 1062 marc'.

217 1157 490 1192 SPALDYNG,
545 1146 698 1185 Vicaria
725 1146 767 1184 in
794 1145 950 1184 ecclesia
977 1145 1025 1183 de
1054 1144 1252 1195 Spalding,
1274 1157 1349 1195 que
1377 1147 1434 1183 est
1461 1145 1598 1195 prioris

136 1204 175 1240 et
189 1201 462 1239 monachorum
475 1200 632 1248 ibidem,
649 1203 737 1238 ante
752 1199 956 1239 concilium
971 1199 1205 1237 Lateranum
1219 1199 1403 1246 ordinata,
1423 1199 1599 1237 consistit

136 1255 177 1293 in
197 1254 439 1293 exhibicione
457 1254 644 1304 capellani
671 1254 739 1304 qui
767 1254 933 1304 accipere
961 1253 1076 1291 debet
1103 1266 1242 1303 panem
1269 1252 1533 1290 monachalem
1553 1256 1592 1290 et

136 1309 334 1348 cervisiam
370 1321 458 1346 cum
493 1308 659 1358 generali
689 1307 733 1359 (2)
771 1308 819 1346 de
855 1307 1020 1357 coquina
1056 1309 1094 1345 et
1131 1307 1180 1344 ad
1218 1306 1449 1356 palefridum
1486 1319 1600 1344 suum

136 1362 344 1401 necessaria
361 1362 405 1399 in
423 1374 545 1400 avena
572 1365 611 1399 et
628 1361 808 1411 foragine.
867 1361 1054 1399 Consistit
1073 1361 1192 1398 eciam
1211 1361 1253 1398 in
1272 1360 1595 1397 decimacionibus

137 1416 392 1466 operariorum
411 1418 449 1453 et
468 1416 641 1453 omnium
668 1418 919 1452 mercatorum
946 1414 1039 1452 ville
1067 1414 1114 1451 de
1143 1414 1331 1464 Spalding
1355 1426 1442 1451 cum
1463 1413 1598 1463 legatis

137 1470 332 1520 capellano
370 1469 511 1507 debitis
548 1473 587 1507 et
622 1469 914 1507 visitacionibus
955 1468 1195 1505 infirmorum
1232 1471 1270 1505 et
1307 1479 1395 1505 cum
1432 1467 1599 1505 denariis

137 1523 355 1562 missalibus
388 1526 426 1561 et
459 1522 624 1561 denariis
660 1535 747 1560 cum
783 1535 881 1572 pane
916 1521 1118 1559 benedicto
1155 1521 1294 1559 oblatis
1327 1523 1365 1558 et
1398 1521 1515 1558 caseis
1548 1520 1598 1558 ad

136 1577 413 1628 penthecosten
440 1580 478 1614 et
504 1577 657 1626 gallinis
684 1576 734 1614 ad
760 1575 887 1613 natale
919 1575 1074 1613 ecclesie
1102 1574 1149 1613 de
1178 1573 1309 1626 Spald’
1337 1574 1488 1613 debitis.
1545 1574 1598 1612 Et

136 1632 240 1672 valet
257 1632 341 1682 ipsa
359 1630 501 1670 vicaria
520 1631 691 1681 quinque
709 1629 820 1668 marc’
843 1632 881 1668 et
899 1629 1075 1679 amplius.

220 1764 420 1800 κΑΒυΒΝ
453 1753 677 1808 [Οαόοανη].
710 1754 865 1793 Vicaria
896 1753 939 1792 in
971 1753 1128 1792 ecclesia
1162 1752 1210 1790 de
1242 1751 1418 1790 Kaburn'
1438 1765 1514 1803 que
1541 1755 1600 1791 est

139 1810 289 1850 abbatis
334 1813 372 1848 et
418 1812 630 1848 conventus
676 1808 723 1847 de
770 1808 986 1857 Grimesby,
1032 1820 1100 1857 per
1145 1806 1346 1844 dominum
1392 1806 1600 1857 Hugonem

138 1864 348 1903 secundum
376 1863 423 1902 de
450 1876 638 1902 consensu
666 1862 825 1912 capituli
852 1862 912 1900 sui
938 1861 1114 1900 Lincoln'
1135 1861 1319 1908 ordinata,
1351 1861 1529 1899 consistit
1555 1861 1599 1899 in

138 1921 221 1957 toto
240 1918 421 1968 altaragio
441 1920 478 1955 et
497 1918 657 1955 minutis
676 1917 834 1954 decimis
861 1916 910 1954 ad
937 1916 1061 1965 ipsam
1089 1915 1285 1953 ecclesiam
1312 1915 1596 1963 pertinentibus

139 1985 228 2011 cum
245 1985 378 2010 manso
398 1974 638 2020 competente
656 1973 695 2009 et
713 1971 755 2008 in
773 1970 898 2008 tribus
925 1969 1077 2008 bovatis
1101 1972 1199 2007 terre
1217 1971 1256 2006 et
1275 1968 1436 2006 dimidia
1456 1981 1504 2006 ex
1523 1981 1601 2007 una

138 2029 246 2077 parte
263 2026 357 2064 ville
376 2029 414 2064 et
432 2026 558 2063 tribus
584 2025 735 2063 bovatis
754 2027 792 2062 et
812 2023 973 2062 dimidia
991 2036 1040 2061 ex
1062 2022 1138 2061 alia
1165 2035 1251 2060 cum
1272 2022 1451 2060 omnibus
1471 2035 1601 2061 earum

138 2080 388 2131 pertinenciis
424 2079 554 2117 liberis
591 2079 640 2117 ab
677 2078 783 2116 omni
810 2077 970 2116 seculari
1004 2077 1204 2115 exactione
1233 2079 1271 2114 et
1307 2089 1329 2114 a
1364 2077 1600 2126 prestacione

139 2134 372 2172 decimarum
390 2133 541 2183 quietis.
599 2133 710 2171 Dicti
736 2135 864 2170 autem
891 2131 1009 2170 abbas
1037 2133 1076 2169 et
1104 2132 1316 2169 conventus
1339 2130 1468 2169 omnia
1487 2143 1601 2169 onera

139 2188 245 2227 illius
264 2188 419 2226 ecclesie
436 2190 562 2238 preter
579 2199 678 2225 onus
695 2186 911 2237 parochiale
929 2187 1113 2236 perpetuo
1132 2184 1389 2223 sustinebunt.

220 2321 585 2357 swmff-{AMSTED
607 2308 863 2363 [Swinstead]
902 2309 1108 2348 Ordinacio
1142 2308 1283 2347 vicarie
1311 2307 1359 2346 de
1387 2307 1601 2347 Swinham-

138 2366 236 2414 sted,
252 2367 390 2404 ultimo
402 2366 502 2404 facta
513 2366 596 2404 vice
608 2365 756 2403 domini
770 2363 948 2414 Hugonis
963 2363 1122 2401 secundi
1133 2375 1200 2412 per
1215 2362 1258 2400 R.
1273 2362 1600 2400 Archidiaconum

139 2420 314 2459 Lincoln'
334 2420 382 2458 de
413 2432 570 2458 assensu
600 2419 737 2469 prioris
769 2421 808 2457 et
840 2421 1052 2456 conventus
1084 2417 1132 2455 de
1164 2417 1273 2454 Drax
1305 2419 1343 2454 et
1371 2416 1533 2454 Roberti
1552 2416 1599 2454 de

140 2474 256 2513 Ridal
273 2477 367 2512 tunc
394 2473 539 2520 vicarii,
568 2473 744 2511 consistit
770 2472 813 2510 in
840 2474 922 2510 toto
950 2471 1132 2520 altaragio
1159 2471 1265 2508 illius
1288 2470 1442 2508 ecclesie
1461 2473 1500 2508 et
1518 2473 1600 2508 tota

139 2531 237 2566 terra
254 2528 471 2577 pertinente
498 2527 547 2565 ad
574 2527 768 2565 ecclesiam
797 2539 885 2564 cum
912 2525 1084 2574 ejusdem
1110 2528 1207 2563 terre
1235 2524 1482 2573 pertinenciis
1501 2527 1539 2561 et
1556 2525 1600 2561 in

139 2582 344 2620 medietate
362 2581 453 2619 tosti
471 2581 625 2619 ecclesie
643 2584 682 2618 et
699 2581 742 2618 in
760 2580 915 2618 redditu
933 2579 1096 2617 duorum
1116 2578 1325 2617 solidorum
1340 2580 1378 2615 et
1392 2578 1435 2616 in
1451 2577 1599 2615 decima

140 2636 284 2674 decime
304 2635 392 2687 (sic)
413 2635 585 2673 omnium
603 2635 812 2684 garbarum.
872 2633 1058 2672 Canonici
1075 2633 1215 2683 prefati
1239 2632 1454 2682 percipient
1471 2635 1598 2669 totum

138 2690 334 2727 residuum
346 2690 500 2727 ecclesie
511 2689 666 2727 nomine
677 2688 852 2738 perpetui
863 2687 1048 2734 beneficii,
1064 2691 1101 2724 et
1111 2685 1370 2736 procurabunt
1382 2685 1597 2735 hospicium

138 2743 405 2781 archidiaconi.
461 2743 639 2780 Vicarius
664 2741 911 2792 respondebit
938 2741 986 2779 de
1013 2740 1273 2790 synodalibus.
1332 2739 1448 2778 Valet
1470 2742 1598 2777 autem

139 2799 222 2836 tota
239 2797 394 2835 ecclesia
412 2810 466 2836 xv
484 2797 606 2844 marc’,
627 2796 767 2835 vicaria
786 2809 806 2834 c
824 2796 902 2834 sol'.

848 2901 876 2933 E
