1844 3178
674 326 880 359 Hueoms
913 324 1077 358 WELLs.
1560 312 1614 357 57

242 434 496 468 ESTRASNE
540 423 711 477 [Market
730 421 886 476 Rasen}
961 423 1115 461 Vicaria
1132 423 1175 460 in
1194 422 1350 460 ecclesia
1370 422 1417 459 de
1435 422 1616 462 Estrasne

161 492 235 528 que
247 481 305 516 est
317 479 521 516 eorundem
538 479 713 517 consistit
727 478 770 515 in
783 481 864 515 toto
880 477 1058 526 altaragio
1073 480 1198 526 preter
1211 477 1335 513 linum
1350 480 1388 513 et
1403 476 1445 512 in
1460 477 1617 515 decimis

160 533 334 570 omnium
354 533 562 570 croftorum
587 535 712 582 preter
735 532 861 569 linum
884 535 1054 580 tempore
1079 531 1197 580 hujus
1221 529 1491 578 assignacionis
1517 535 1555 568 et
1574 532 1615 569 in

159 586 316 623 decimis
346 586 547 636 garbarum
580 587 741 624 duarum
774 585 1000 623 bovatarum
1028 587 1125 622 terre
1164 596 1258 633 quas
1296 583 1531 621 Willielmus
1569 585 1616 622 de

160 640 292 689 Derby
312 642 418 677 tenet
435 640 478 677 in
504 640 635 677 eadem
663 639 766 678 villa.
830 638 883 676 Et
911 642 1080 688 preterea
1107 638 1270 675 vicarius
1297 637 1456 674 habebit
1485 638 1616 675 decem

158 693 300 731 solidos
328 694 528 731 annuatim
562 694 609 731 de
637 693 750 730 dictis
776 692 900 742 priore
927 695 966 730 et
994 695 1187 730 conventu
1215 691 1263 729 de
1293 691 1410 729 Sixle.
1466 691 1519 728 Et
1541 692 1617 741 ipsi

157 747 261 795 prior
289 749 327 784 et
355 750 567 785 conventus
595 746 853 796 procurabunt
885 746 1100 795 hospicium
1127 745 1400 783 Archidiaconi
1428 748 1467 781 et
1494 748 1617 783 cetera

158 813 271 838 onera
296 804 376 838 tam
402 801 591 838 ordinaria
610 813 724 850 quam
744 799 1042 837 extraordinaria
1060 799 1102 836 in
1122 802 1350 848 perpetuum
1369 799 1616 836 sustinebunt

158 857 196 892 et
215 854 475 904 providebunt
493 855 634 893 vicario
650 854 697 892 de
712 853 820 892 tofto.
878 854 930 891 Et
949 856 1006 891 est
1026 853 1166 891 vicaria
1185 857 1278 891 tunc
1296 853 1353 902 iiij
1375 865 1595 891 marcarum.

236 971 619 1005 ννιυΕι-ιΝΕΕΗΑΜ
656 959 726 1013 [Ν.
756 961 1036 1009 Willinqham]
1107 960 1261 998 Vicaria
1297 960 1339 998 in
1375 960 1532 998 ecclesia
1569 961 1617 998 de

155 1014 468 1065 Wiuelingeham
487 1028 562 1064 que
581 1018 639 1052 est
667 1015 874 1053 eorundem
903 1014 1078 1052 consistit
1105 1014 1148 1051 in
1176 1018 1259 1052 toto
1284 1014 1465 1063 altaragio
1491 1017 1617 1064 preter

155 1069 280 1106 linum
295 1070 389 1107 etin
408 1069 566 1107 decimis
586 1069 758 1106 omnium
778 1068 985 1106 croftorum
1005 1068 1176 1117 ejusdem
1196 1069 1289 1106 ville
1307 1071 1478 1118 tempore
1497 1069 1616 1118 hujus

155 1123 426 1172 assignaeionis
464 1123 659 1160 reddendo
697 1123 898 1160 annuatim
934 1123 1048 1160 dictis
1075 1122 1192 1171 priori
1220 1126 1258 1160 et
1286 1122 1495 1160 conventui
1522 1122 1617 1160 duas

155 1189 297 1214 marcas
310 1180 347 1214 et
360 1177 435 1226 ipsi
447 1177 549 1226 prior
563 1179 600 1214 et
616 1180 828 1214 conventus
841 1176 1100 1226 procurabunt
1112 1176 1328 1226 hospicium
1342 1176 1617 1214 Archidiaconi

154 1233 193 1268 et
221 1234 343 1268 cetera
371 1243 485 1268 onera
512 1233 591 1268 tam
620 1230 810 1268 ordinaria
837 1243 949 1279 quam
981 1230 1282 1268 extraordinaria
1313 1231 1356 1267 16
1388 1234 1616 1280 perpetuum

153 1285 401 1322 sustinebunt
434 1288 472 1322 et
505 1283 765 1334 providebunt
798 1284 939 1322 vicario
974 1284 1023 1322 de
1054 1284 1163 1322 tofto.
1222 1285 1274 1322 Et
1306 1288 1364 1322 est
1399 1284 1543 1323 vicaria
1574 1284 1617 1322 lx

153 1337 373 1377 solidorum.

233 1455 522 1489 ΤΕυΕι-ΕΒΒΥ
558 1443 746 1497 [Tealby]
786 1445 941 1483 Vicaria
954 1445 996 1483 16
1010 1445 1168 1483 66616616
1183 1445 1230 1483 (16
1245 1445 1457 1495 Teuelesby
1470 1459 1545 1496 que
1560 1451 1617 1486 661

152 1500 359 1537 eorundem
388 1500 562 1537 consistit
591 1500 633 1537 in
661 1502 743 1537 toto
772 1499 952 1548 altaragio
980 1502 1105 1549 preter
1131 1499 1256 1537 linum
1293 1499 1488 1538 reddendo
1524 1501 1616 1539 inde

152 1554 353 1591 annuatim
372 1554 485 1591 dictis
505 1554 622 1602 priori
640 1557 678 1591 et
706 1554 916 1591 conventui
933 1566 959 1591 v
978 1566 1122 1591 marcas
1142 1557 1179 1590 61
1199 1554 1409 1593 dimidiam.
1471 1555 1522 1592 Et
1541 1555 1617 1605 ipsi

150 1608 253 1657 prior
280 1611 318 1645 61
347 1611 560 1645 conventus
588 1607 847 1657 procurabunt
880 1606 1098 1656 hospicium
1124 1607 1400 1646 Archidiaconi
1427 1613 1465 1646 et
1494 1612 1617 1647 cetera

151 1674 265 1699 onera
283 1664 364 1699 tam
380 1661 570 1699 ordinaria
585 1674 700 1711 quam
719 1660 1019 1699 extraordinaria
1039 1661 1287 1699 sustinebunt
1302 1665 1341 1700 61
1354 1662 1617 1712 providebunt

150 1715 292 1753 vicario
311 1715 359 1753 de
377 1715 486 1753 tofto,
546 1716 598 1753 Et
617 1719 674 1753 est
692 1715 833 1753 vicaria
851 1728 878 1753 v
897 1727 1117 1754 marcarum.

232 1832 463 1866 SALESSY,
501 1823 657 1861 Vicaria
683 1824 724 1860 in
753 1822 909 1861 ecclesia
940 1823 988 1861 de
1022 1823 1184 1873 Salesby
1216 1836 1290 1873 que
1321 1827 1379 1862 661
1408 1825 1616 1863 eorundem

153 1878 329 1914 consistit
365 1877 407 1914 in
444 1880 526 1915 toto
563 1877 743 1927 altaragio
782 1890 869 1915 cum
906 1877 1006 1915 tofto
1044 1878 1283 1927 assignando.
1349 1878 1402 1916 Et
1437 1879 1542 1928 prior
1578 1882 1617 1917 et

154 1934 367 1968 conventus
386 1931 645 1981 procurabunt
672 1931 887 1980 hospicium
912 1931 1186 1969 Archidiaconi
1205 1935 1242 1969 et
1263 1935 1385 1970 cetera
1404 1945 1517 1970 onera
1535 1936 1617 1971 tam

154 1985 346 2022 ordinaria
382 1998 499 2034 quam
536 1985 835 2023 extraordinaria
871 1986 1130 2024 sustinebunt.
1196 1985 1248 2023 Et
1285 1989 1343 2024 est
1379 1987 1520 2026 vicaria
1556 1988 1614 2037 iiij

152 2051 362 2077 marcarum
381 2043 419 2077 et
437 2040 612 2089 amplius.

236 2155 328 2190 EST
361 2156 579 2190 ννΙΟΗΑΜ,
638 2146 791 2185 Vicaria
818 2146 859 2184 in
888 2147 1043 2185 ecclesia
1072 2147 1119 2184 de
1146 2147 1218 2185 Est
1245 2147 1408 2186 wicham
1446 2161 1520 2198 que
1558 2152 1616 2187 661

154 2200 360 2238 eorundem
389 2201 564 2238 consistit
591 2200 634 2239 in
661 2203 742 2239 tota
771 2201 928 2239 ecclesia
963 2204 1090 2250 preter
1125 2200 1251 2239 linum
1290 2202 1487 2241 reddendo
1523 2203 1615 2241 inde

154 2255 355 2292 annuatim
374 2254 488 2292 dictis
506 2255 623 2304 priori
651 2258 689 2293 et
718 2256 927 2293 conventui
956 2255 1050 2293 duas
1077 2268 1230 2294 marcas.
1290 2256 1342 2294 Et
1360 2256 1435 2306 ipsi
1454 2257 1558 2306 prior
1576 2260 1615 2296 61

154 2311 365 2346 conventus
384 2309 644 2358 procurabunt
662 2309 879 2359 hospicium
908 2309 1181 2347 Archidiaconi
1203 2313 1242 2347 61
1261 2313 1383 2348 cetera
1402 2323 1516 2349 onera
1534 2315 1615 2349 tam

156 2362 346 2400 ordinaria
366 2375 481 2412 quam
501 2363 799 2401 extraordinaria
813 2363 1060 2401 sustinebunt
1079 2366 1118 2401 61
1131 2364 1392 2414 providebunt
1406 2365 1548 2404 vicario
1567 2365 1615 2403 de

154 2416 264 2455 tofto.
322 2417 375 2454 Et
389 2420 447 2455 661
464 2417 606 2456 vicaria
623 2417 665 2467 iij
687 2429 897 2456 marcarum
916 2420 956 2455 61
974 2417 1144 2456 dimidie.

236 2533 441 2568 οΑΤΕΒΥ,
497 2524 652 2563 Vicaria
685 2526 727 2563 in
761 2525 917 2564 ecclesia
950 2525 997 2563 de
1029 2525 1180 2575 Cateby
1211 2539 1285 2576 que
1318 2530 1375 2565 est
1408 2527 1615 2566 eorundem

155 2591 222 2628 per
236 2579 464 2628 Magistrum
481 2579 737 2629 Reginaldum
749 2580 797 2618 de
812 2579 932 2618 Cestr'
946 2582 1039 2617 tunc
1055 2579 1252 2618 officialem
1268 2581 1416 2619 domini
1433 2582 1616 2632 Episcopi

156 2633 331 2671 ordinata
349 2636 407 2671 661
425 2636 469 2672 ut
486 2633 710 2672 irrotulatur
726 2647 844 2684 prope
862 2634 979 2672 finem
997 2633 1103 2672 illius
1121 2634 1477 2674 Archidiaconatus.

236 2749 374 2785 WEST
407 2751 623 2785 ννιοΗΑΜ,
678 2742 832 2780 Vicaria
858 2742 901 2779 in
929 2741 1085 2780 ecclesia
1107 2742 1154 2779 de
1173 2742 1286 2781 West
1304 2743 1486 2781 Wicham
1506 2744 1615 2793 cujus

156 2795 340 2832 medietas
359 2798 416 2833 est
434 2796 571 2845 prioris
590 2799 629 2834 et
647 2799 859 2834 conventus
893 2795 940 2833 de
973 2795 1094 2842 Sixle,
1123 2796 1241 2834 altera
1268 2797 1453 2835 medietas
1478 2798 1614 2847 prioris

157 2852 195 2887 et
210 2852 421 2887 conventus
437 2849 483 2887 (16
499 2849 700 2900 Markeby,
713 2851 767 2888 sic
782 2853 838 2888 est
853 2849 1037 2888 ordinata.
1087 2849 1265 2889 Vicarius
1280 2851 1439 2889 habebit
1457 2853 1614 2891 nomine
