1844 3178
727 327 934 363 HUGONIS
963 328 1128 363 WELLS.
1575 320 1657 360 103

203 426 378 476 perpetui
411 425 596 465 beneficii.
670 425 735 464 Ad
767 426 861 463 duas
899 425 1054 475 quidem
1088 426 1181 464 alias
1217 427 1342 475 partes
1379 429 1661 475 presentabitur

201 480 379 517 similiter
397 480 510 518 nobis
537 483 576 518 et
603 480 880 518 successoribus
906 481 1047 517 nostris
1073 479 1237 518 vicarius
1264 483 1470 529 perpetuus
1499 495 1521 519 a
1547 483 1661 521 nobis

200 533 464 571 instituendus
495 534 564 583 qui
597 533 716 571 eciam
749 533 919 583 quinque
951 546 1093 571 marcas
1125 545 1272 571 annuas
1302 533 1457 571 nomine
1485 537 1661 586 perpetui

202 587 376 625 beneficii
395 587 586 636 sepedicto
607 587 787 636 Capitulo
806 586 930 624 Exon'
950 587 1150 636 persolvet.
1206 586 1259 624 Et
1281 589 1422 624 extunc
1446 593 1557 626 erunt
1585 593 1661 627 tres

202 641 340 678 vicarie
369 643 551 690 perpetue
582 643 620 678 et
650 644 726 678 tres
753 640 887 678 vicarii
914 641 1089 690 perpetui
1123 641 1166 678 in
1194 640 1325 678 eadem
1344 640 1508 679 ecclesia
1526 643 1662 692 imper-

201 697 370 743 petuum.
430 694 507 742 Qui
526 694 659 732 vicarii
678 694 731 732 sic
750 707 817 744 per
835 706 906 731 nos
925 697 963 731 et
982 707 1211 732 successores
1230 697 1379 731 nostros
1393 695 1567 733 instituti
1582 700 1662 734 tam

201 747 314 785 nobis
333 751 371 785 et
390 748 667 786 successoribus
682 748 822 785 nostris
838 751 875 786 et
891 748 1044 785 ecclesie
1058 751 1185 785 nostre
1202 747 1310 785 Linc’
1326 751 1364 785 et
1379 747 1661 788 Archidiacono

202 801 327 839 Oxon'
341 814 456 850 quam
472 802 651 851 Capitulo
670 801 794 839 Exon'
806 801 1016 839 secundum
1031 801 1136 851 quod
1149 801 1376 851 premissum
1391 805 1449 839 est
1462 803 1662 852 responde-

200 854 310 893 bunt.
352 855 478 893 Salvis
492 855 535 892 in
547 855 724 893 omnibus
737 855 1014 905 episcopalibus
1028 855 1370 893 consuetudinibus
1383 854 1449 894 διο.
1490 856 1604 904 Quod
1617 860 1661 894 ut

200 911 423 957 perpetuam
451 909 623 958 optineat
649 909 869 946 firmitatem
896 921 966 946 nos
994 912 1033 946 et
1052 909 1275 958 Capitulum
1300 912 1474 947 nostrum
1494 910 1601 948 Linc'
1622 913 1660 949 et

200 961 415 1010 predictum
428 962 652 1012 Capitulum
664 961 787 1000 Exon’
794 962 961 1012 presenti
972 963 1112 1012 scripto
1125 962 1250 1012 sigilla
1260 965 1390 1000 nostra
1401 965 1659 1013 apposuimus.

201 1015 380 1053 Testibus
411 1015 558 1065 Rogero
600 1016 766 1064 Decano,
820 1016 996 1054 Galfrido
1034 1016 1271 1064 Precentore,
1315 1017 1361 1055 G.
1394 1017 1656 1066 Thesaurario‚

201 1068 365 1107 Ricardo
386 1069 632 1118 Cancellario,
652 1070 820 1107 Roberto
840 1070 882 1107 N
884 1069 1133 1119 orhampton',
1160 1070 1206 1108 R.
1228 1069 1360 1118 Leirc’,
1382 1071 1428 1108 R.
1454 1071 1592 1119 Hunt',
1622 1072 1661 1110 J.

203 1122 339 1171 Oxon’,
353 1123 390 1161 J.
408 1122 622 1170 Bedeford'‚
639 1126 678 1161 et
694 1124 744 1162 H.
765 1123 892 1162 Stowe
911 1123 1197 1171 archidiaconis,
1218 1123 1256 1162 J.
1279 1123 1518 1173 Subdecano,
1538 1125 1590 1164 H.
1613 1125 1661 1163 de

202 1176 485 1226 Bassingeburn
510 1177 774 1215 archidiacono
795 1177 887 1225 821³,
907 1180 946 1215 et
974 1177 1024 1216 H.
1047 1177 1094 1215 de
1113 1176 1228 1215 Well'
1248 1178 1514 1217 archidiacono
1535 1179 1662 1226 Bath:

200 1229 397 1279 Magistris
424 1231 488 1268 W.
519 1231 570 1268 fil'
598 1231 780 1269 Fulconis
809 1234 847 1269 et
875 1231 921 1269 G.
952 1231 999 1268 de
1027 1230 1288 1281 Scardeburg'‚
1309 1232 1354 1269 R.
1377 1232 1426 1270 de
1452 1232 1660 1280 Lindwud,

201 1283 264 1321 W.
287 1283 451 1331 Blundo,
474 1284 519 1322 R.
543 1285 590 1322 de
618 1285 798 1331 Bristoll',
820 1285 1015 1334 Magistris
1034 1285 1080 1323 R.
1103 1285 1150 1323 de
1179 1285 1343 1331 Grauel',
1364 1289 1403 1323 et
1432 1286 1470 1325 S.
1493 1286 1540 1324 de
1569 1286 1660 1335 Cic'‚

201 1337 248 1375 R.
271 1337 318 1375 de
337 1337 652 1388 Wassingeburn'
673 1339 890 1388 capellanis,
910 1338 1096 1388 Magistro
1116 1339 1164 1376 A.
1186 1339 1234 1376 de
1255 1338 1292 1377 S.
1315 1339 1535 1388 Edmundo,
1551 1340 1595 1379 P.
1615 1340 1662 1378 de

201 1391 344 1441 Hung'‚
361 1392 546 1441 Magistro
563 1392 624 1430 W.
643 1392 690 1430 de
705 1392 832 1440 Well’,
848 1392 894 1430 R.
911 1392 959 1430 de
974 1392 1127 1439 Bohun‚
1144 1395 1181 1430 et
1197 1392 1313 1430 Petro
1329 1393 1376 1431 de
1392 1394 1662 1432 Cheuremont'

201 1445 394 1483 canonicis
421 1445 541 1493 Linc',
571 1449 609 1484 et
638 1446 793 1485 Olivero
831 1446 879 1484 de
907 1445 1056 1485 Chedn'
1083 1446 1228 1485 clerico.
1287 1447 1378 1485 Dat'
1406 1460 1474 1497 per
1504 1461 1663 1486 manum

200 1498 346 1536 Thome
374 1499 422 1536 de
453 1499 670 1537 Fiskerton’
703 1500 890 1549 capellani
923 1499 1098 1538 canonici
1130 1499 1239 1538 Linc'
1272 1501 1315 1538 in
1343 1501 1525 1551 Capitulo
1553 1501 1664 1540 Linc'

201 1553 305 1602 apud
323 1551 432 1591 Linc'
450 1553 552 1603 xvijo
570 1553 645 1592 kal.
667 1552 695 1592 J
696 1554 842 1603 anuarij
863 1554 1109 1604 pontificatus
1127 1553 1250 1592 nostri
1267 1567 1369 1593 anno
1390 1555 1461 1604 xj0.

827 1659 911 1713 [FO.
936 1659 1031 1713 32³}

280 1739 474 1773 STANT’*
493 1743 577 1769 cum
597 1730 841 1769 ordinacione
864 1731 1019 1770 vicarie.

283 1783 471 1822 Omnibus
494 1784 552 1823 &c
609 1785 775 1823 Noverit
795 1785 1025 1823 universitas
1043 1787 1170 1823 vestra
1189 1797 1260 1823 nos
1281 1785 1328 1823 de
1348 1798 1505 1824 assensu
1523 1786 1662 1837 Rogeri

202 1837 350 1875 Decani
382 1841 419 1875 et
453 1838 626 1888 Capituli
658 1839 780 1876 nostri
811 1838 918 1876 Linc'
939 1839 1071 1877 divine
1098 1839 1252 1888 pietatis
1280 1839 1427 1877 intuitu
1447 1840 1595 1879 dedisse
1624 1845 1662 1879 et

201 1891 428 1929 concessisse
463 1892 614 1930 dilectis
641 1892 684 1929 in
712 1892 866 1931 Christo
894 1893 1048 1930 filiabus
1076 1892 1259 1930 Priorisse
1289 1896 1327 1930 et
1353 1894 1586 1932 monialibus
1615 1895 1663 1933 de

202 1944 356 1995 Garing’
394 1945 589 1983 ecclesiam
627 1945 674 1983 de
712 1946 837 1984 Stant'
875 1959 963 1984 cum
1000 1947 1178 1984 omnibus
1214 1947 1462 1996 pertinenciis
1503 1948 1582 1986 suis
1619 1949 1661 1986 in

201 1999 374 2048 proprios
419 2012 511 2037 usus
549 1999 767 2038 habendam
806 2003 845 2038 et
885 2001 1168 2050 imperpetuum
1208 2001 1489 2049 possidendam.
1548 2002 1664 2041 Salva

201 2056 384 2102 perpetua
411 2053 550 2091 vicaria
578 2066 693 2103 quam
720 2054 945 2092 auctoritate
974 2054 1126 2091 concilii
1154 2054 1415 2092 ordinavimus
1444 2055 1487 2092 in
1515 2056 1658 2094 eadem.

203 2106 286 2154 Que
305 2106 445 2145 vicaria
464 2108 639 2145 consistit
657 2108 700 2145 in
723 2111 805 2145 toto
833 2107 1014 2157 altaragio
1042 2108 1214 2157 ejusdem
1242 2108 1396 2146 ecclesie
1423 2122 1510 2147 cum
1529 2122 1662 2148 manso

200 2161 432 2210 competenti
463 2164 503 2199 et
534 2162 576 2198 in
609 2161 759 2199 duabus
790 2162 950 2211 virgatis
981 2164 1079 2199 terre
1106 2165 1145 2200 et
1168 2175 1297 2200 earum
1315 2163 1562 2212 pertinenciis
1581 2177 1657 2213 que

200 2215 395 2263 pertinent
413 2214 462 2252 ad
479 2215 602 2264 ipsam
624 2215 820 2253 ecclesiam
839 2219 877 2253 et
896 2216 938 2253 in
957 2215 1115 2253 decimis
1134 2215 1296 2253 duarum
1313 2216 1546 2266 virgatarum
1565 2220 1663 2256 terre

202 2280 296 2317 quas
328 2268 518 2307 Gerardus
547 2269 674 2307 tenuit
706 2272 745 2307 et
777 2269 937 2307 aliarum
975 2269 1137 2307 duarum
1169 2270 1402 2319 virgatarum
1429 2274 1527 2308 terre
1564 2284 1659 2321 quas

201 2322 391 2372 Sampson
419 2326 457 2360 et
485 2323 686 2361 Richerius
712 2326 929 2361 tenuerunt.
986 2323 1164 2361 Vicarius
1200 2326 1330 2362 autem
1366 2324 1469 2362 dicte
1506 2326 1662 2363 ecclesie

200 2375 324 2414 solvet
343 2376 542 2425 synodalia
562 2379 600 2415 et
617 2377 763 2427 prefate
777 2377 967 2415 Moniales
982 2377 1109 2414 omnia
1128 2377 1202 2415 alia
1221 2390 1335 2415 onera
1352 2378 1543 2416 ordinaria
1556 2379 1661 2418 illius

201 2430 356 2468 ecclesie
375 2430 634 2469 sustinebunt.
693 2431 820 2470 Salvis
837 2431 880 2469 in
899 2431 1078 2469 omnibus
1093 2431 1369 2481 episcopalibus
1384 2432 1663 2482 episcopalibus

201 2480 287 2536 [sic]
308 2484 651 2522 consuetudinibus
671 2485 730 2523 &a
790 2485 903 2533 Quod
921 2488 966 2522 ut
989 2488 1212 2534 perpetuam
1240 2486 1412 2535 optineat
1439 2486 1661 2525 firmitatem

200 2538 368 2587 presenti
386 2538 527 2588 scripto
560 2539 730 2588 sigillum
761 2542 935 2577 nostrum
953 2551 1031 2577 una
1050 2551 1138 2577 cum
1156 2539 1281 2588 sigillo
1301 2540 1463 2589 predicti
1491 2540 1662 2590 Capituli

201 2592 325 2629 nostri
344 2591 452 2630 Linc'
472 2592 656 2630 duximus
673 2593 956 2642 apponendum.
1012 2593 1101 2630 Hiis
1120 2593 1298 2631 Testibus
1316 2593 1464 2643 Rogero
1491 2594 1660 2641 Decano,

200 2643 265 2683 W.
283 2645 549 2684 archidiacono
565 2646 686 2694 Linc',
699 2647 746 2685 G.
763 2647 1001 2692 Precentore,
1016 2646 1180 2684 Ricardo
1196 2647 1443 2695 cancellario,
1459 2647 1505 2686 R.
1524 2648 1661 2695 Hunt',

201 2701 241 2736 et
275 2699 326 2737 H.
358 2699 485 2738 Stowe
519 2700 805 2747 archidiaconis,
839 2700 1034 2750 Magistris
1065 2700 1128 2739 W.
1167 2700 1219 2738 fil’
1247 2701 1430 2739 Fulconis
1466 2705 1505 2739 et
1538 2701 1584 2739 G.
1616 2702 1664 2740 de

202 2751 467 2804 Scardeburg',
501 2754 583 2793 Ric.
620 2754 668 2793 de
700 2754 918 2802 Lindwud',
950 2754 1015 2792 W.
1037 2754 1204 2802 Blundo,
1224 2755 1372 2805 Rogero
1404 2755 1452 2794 de
1481 2755 1663 2804 Bristoll',

705 2857 720 2874 *
731 2857 766 2883 In
778 2864 795 2883 a
806 2857 879 2884 later
890 2856 984 2886 hand:
1001 2857 1016 2870 “
1025 2856 1166 2884 BARRY.”
