1844 3178
237 364 297 406 54,
772 370 909 404 LIBER
939 368 1176 410 ANTIQUUS

241 475 291 513 ad
311 473 471 512 eandem
490 470 686 510 ecclesiam
704 469 1030 519 proveniencium.
1088 467 1217 506 Debet
1239 469 1367 505 autem
1389 465 1554 504 vicarius
1577 464 1706 504 omnia

242 541 357 567 onera
376 525 607 577 episcopalia
625 524 730 564 illius
750 522 905 560 ecclesie
933 522 1064 561 debita
1091 525 1130 560 et
1157 524 1338 559 consueta
1365 520 1551 558 sustinere
1578 522 1704 568 preter

241 582 460 633 hospicium
478 578 738 618 archidiaconi
755 577 861 627 quod
880 577 975 615 dicti
993 576 1110 615 abbas
1130 578 1168 614 et
1186 577 1400 614 conventus
1417 573 1685 625 procurabunt.

327 713 571 750 nowonssv
627 700 746 754 [alias
775 710 1012 745 ΒουοΕΒγ
1043 697 1143 752 (2)÷÷].
1205 699 1360 738 Vinaria
1395 698 1438 736 in
1475 698 1632 736 ecclesia
1659 697 1708 735 do

245 759 440 809 Roworby
458 770 532 808 que
551 759 609 794 est
640 755 777 805 prioris
796 757 835 792 et
854 757 1066 792 conventus
1085 754 1133 792 de
1153 752 1354 792 Schelford
1373 752 1548 790 consistit
1565 752 1608 789 in
1626 754 1708 789 toto

245 813 428 863 altaragio
473 811 692 849 medietatis
730 821 817 847 cum
854 809 1089 858 competenti
1120 820 1253 845 manso
1290 806 1520 855 assignando
1550 808 1709 855 excepta

246 872 346 907 terra
358 867 407 906 ad
419 865 615 904 ecclesiam
629 863 857 913 pertinente.
916 862 1127 900 Reddendo
1141 862 1234 899 inde
1248 860 1448 899 annuatim
1464 860 1577 897 dictis
1591 859 1710 909 priori

246 926 284 961 et
299 920 507 961 conventui
522 919 570 956 de
586 917 788 957 Schelford
807 929 862 954 xx
881 916 1023 954 solidos
1039 916 1182 954 scilicet
1202 915 1251 953 ad
1270 914 1450 964 pascham
1468 927 1496 951 x
1515 913 1583 951 sol'
1603 916 1641 951 et
1660 912 1710 951 ad

244 978 388 1015 festum
408 974 445 1013 S.
469 972 672 1011 Michaelis
691 985 718 1009 x
737 970 814 1009 sol'.
874 970 926 1008 Et
940 970 1015 1020 ipsi
1033 971 1137 1021 prior
1155 973 1193 1007 et
1219 971 1431 1007 conventus
1450 967 1711 1017 procurabunt

245 1030 464 1080 hospicium
495 1026 772 1065 Archidiaconi
804 1028 842 1063 et
875 1025 1004 1062 omnia
1040 1024 1116 1062 alia
1153 1036 1267 1061 onera
1303 1022 1551 1060 sustinebunt
1586 1024 1712 1070 preter

246 1083 447 1135 synodalia
465 1094 540 1131 que
558 1081 724 1120 vicarius
738 1078 862 1118 solvet
877 1078 1146 1116 tantummodo
1161 1077 1371 1116 annuatim.
1432 1076 1484 1114 Et
1498 1078 1556 1114 est
1571 1075 1713 1114 vicaria

245 1153 272 1178 v
290 1148 511 1177 marcarum.

839 1202 899 1229 ‘In
916 1209 933 1229 a
949 1202 1024 1229 later
1040 1201 1126 1229 hand.

331 1319 720 1356 LeuesmGEJ-{AM
758 1305 1060 1361 [Leasinyham]
1113 1307 1267 1345 Vicaria
1281 1307 1324 1344 in
1338 1305 1544 1344 medietate
1558 1304 1714 1343 ecclesie

249 1368 298 1406 de
316 1364 621 1414 Leuesingeham
650 1375 724 1413 que
752 1367 810 1401 est
838 1362 1047 1400 eorundem
1075 1361 1250 1399 consistit
1277 1361 1317 1398 in
1348 1360 1528 1398 omnibus
1552 1359 1714 1397 minutis

250 1421 408 1460 decimis
438 1422 476 1457 et
507 1417 811 1456 obvencionibus
839 1417 968 1455 altaris
996 1419 1035 1454 et
1062 1416 1221 1453 decimis
1249 1415 1332 1452 feni
1360 1414 1462 1452 dicte
1497 1413 1716 1451 medietatis

250 1479 288 1513 et
307 1476 349 1513 in
369 1474 519 1512 duabus
539 1472 691 1510 bovatis
719 1475 816 1509 terre
845 1472 928 1509 sine
955 1483 1099 1517 manso,
1121 1473 1159 1507 et
1182 1469 1306 1507 solvet
1330 1468 1495 1506 vicarius
1515 1466 1716 1517 synodalia

249 1533 426 1567 tantum:
474 1527 570 1565 dicti
606 1529 736 1564 autem
772 1525 876 1575 prior
914 1528 953 1563 et
992 1527 1205 1562 conventus
1245 1522 1466 1561 omnimoda
1497 1522 1572 1559 alia
1603 1533 1717 1559 onera

251 1584 497 1622 medietatem
525 1581 650 1631 ipsam
678 1579 945 1630 contingencia
978 1578 1238 1617 sustinebunt.
1296 1577 1350 1615 Et
1381 1576 1485 1615 valet
1517 1576 1659 1614 vicaria
1690 1588 1717 1613 v

250 1637 375 1686 marc',
396 1649 482 1687 pars
501 1634 639 1686 prioris
657 1637 815 1684 septem.

331 1769 708 1805 SEMpmGffl-{Am
764 1758 919 1796 Vicaria
941 1757 983 1795 in
1006 1757 1162 1795 ecclesia
1182 1756 1229 1794 de
1251 1754 1547 1805 Sempingeham
1568 1767 1642 1804 que
1661 1756 1719 1792 est

248 1816 421 1866 magistri
442 1817 480 1852 et
499 1817 713 1852 conventus
732 1813 780 1850 de
803 1811 1100 1861 Sempingeham
1120 1811 1173 1848 sic
1194 1813 1251 1849 est
1271 1810 1459 1847 ordinata.
1539 1808 1718 1846 Vicarius

251 1870 412 1908 habebit
447 1868 604 1906 nomine
632 1867 773 1904 vicarie
801 1866 980 1903 undecim
1006 1865 1198 1915 quartaria
1222 1864 1409 1902 frumenti
1437 1863 1642 1913 paccabilis
1670 1862 1720 1900 ad

250 1925 435 1963 terminos
450 1921 735 1960 racionabiliter
752 1920 979 1958 statuendos
995 1924 1033 1958 et
1048 1919 1209 1957 habebit
1221 1919 1318 1956 duos
1333 1931 1450 1968 panes
1465 1916 1719 1956 serviencium

254 1978 416 2028 singulis
437 1976 573 2014 diebus
592 1988 659 2025 per
673 1988 819 2013 annum
835 1974 883 2012 ad
899 1987 996 2024 opus
1016 1973 1203 2024 garcionis
1223 1973 1292 2011 sui.
1354 1972 1542 2011 Similiter
1560 1970 1721 2008 habebit

252 2033 295 2071 in
315 2033 378 2070 die
399 2030 583 2069 Omnium
605 2030 833 2068 Sanctorum
845 2029 917 2078 jd„
946 2029 1024 2066 Die
1039 2028 1078 2065 N
1080 2027 1168 2065 atal'
1184 2027 1346 2065 Domini
1365 2026 1463 2075 iijd.,
1480 2026 1555 2064 Die
1574 2024 1721 2063 Pasche

255 2086 337 2137 in.,
359 2086 436 2123 Die
456 2085 547 2122 festi
565 2083 719 2121 ecclesie
734 2083 791 2133 jd.
865 2082 1037 2120 Habebit
1053 2081 1172 2119 eciam
1191 2081 1403 2119 secundum
1422 2080 1589 2129 legatum
1609 2091 1722 2116 suum

254 2144 292 2179 et
311 2153 379 2190 pro
399 2151 553 2188 corpore
572 2138 740 2188 presenti
754 2138 825 2187 jd„
843 2150 911 2187 pro
930 2136 1173 2186 sponsalibus
1187 2136 1244 2185 jd.
1318 2135 1492 2173 Habebit
1518 2134 1637 2172 eciam
1668 2144 1723 2171 xv

256 2194 399 2232 solidos
437 2193 585 2243 argenti
611 2192 662 2229 ad.
689 2191 786 2229 duos
819 2191 1013 2229 terminos.
1085 2190 1196 2227 Prior
1223 2193 1352 2228 autem
1379 2189 1554 2226 inveniet
1580 2187 1722 2226 vicario

257 2261 411 2298 equum,
433 2247 765 2297 quotienscunque
783 2246 908 2283 iturus
928 2249 985 2283 est
1005 2244 1054 2282 ad
1074 2244 1285 2294 capitulum
1305 2247 1344 2281 et
1362 2243 1411 2281 ad
1431 2243 1621 2293 synodum
1642 2241 1723 2278 sive

255 2303 305 2341 ad
324 2306 447 2340 cetera
464 2301 622 2351 negocia
650 2300 805 2338 ecclesie
833 2302 999 2338 vocetur.
1058 2299 1109 2336 Et
1139 2298 1241 2347 prior
1259 2301 1298 2336 et
1317 2300 1530 2336 conventus
1549 2295 1724 2346 provide-

255 2357 355 2394 bunt
392 2355 534 2394 vicario
573 2354 621 2392 de
658 2354 759 2392 tofto
796 2353 1040 2403 competenti.
1120 2352 1173 2389 Et
1208 2352 1470 2402 procurabunt
1507 2349 1724 2400 hospicium

255 2409 530 2449 Archidiaconi
550 2412 588 2446 et
606 2411 730 2446 cetera
757 2421 872 2446 onera
898 2411 979 2445 tam
1007 2406 1199 2444 ordinaria
1223 2419 1339 2455 quam
1359 2403 1660 2444 extraordinaria
1681 2403 1724 2441 in

256 2468 484 2515 perpetuum
503 2462 762 2501 sustinebunt.
821 2462 874 2500 Et
893 2465 950 2500 est
969 2461 1111 2500 vicaria
1129 2460 1171 2498 lx
1191 2460 1410 2498 solidorum.

342 2596 615 2631 ΒΑΒΤΗΟΗΡ,
691 2587 847 2625 Vicaria
899 2587 943 2625 in
992 2585 1150 2624 ecclesia
1200 2585 1248 2623 de
1299 2585 1491 2635 Barthorp
1542 2597 1617 2634 que
1668 2586 1726 2622 est

261 2642 469 2682 eorundem
489 2642 666 2680 consistit
693 2642 736 2679 in
754 2644 836 2679 toto
864 2640 1045 2690 altaragio
1074 2643 1199 2690 preter
1217 2640 1343 2677 linum
1363 2653 1450 2678 cum
1469 2639 1567 2677 tofto
1586 2639 1629 2676 in
1648 2651 1725 2687 quo

259 2697 480 2748 capellanus
493 2699 633 2734 manet.
691 2696 744 2733 Et
757 2695 917 2734 habebit
932 2695 980 2732 de
995 2695 1109 2732 dictis
1123 2694 1247 2744 priore
1262 2697 1301 2731 et
1316 2696 1510 2732 conventu
1525 2692 1726 2730 dimidiam

258 2763 433 2790 marcam.
518 2750 570 2787 Et
607 2750 689 2800 ipse
729 2750 833 2799 prior
869 2752 908 2786 et
944 2752 1158 2787 conventus
1204 2748 1464 2797 procurabunt
1509 2746 1727 2796 hospicium

257 2804 531 2844 Arehidiaconi
564 2807 602 2841 et
635 2807 758 2841 cetera
791 2815 906 2841 onera
937 2806 1018 2840 tam
1051 2802 1242 2840 ordinaria
1273 2815 1390 2851 quam
1427 2800 1727 2839 extraordinaria

258 2859 516 2898 sustinebunt.
576 2858 627 2896 Et
647 2861 705 2896 est
724 2858 864 2897 vicaria
883 2857 940 2906 iiij
963 2869 1184 2895 marcarum.
