1844 3178
241 351 295 392 64
756 361 895 394 LIBER
924 361 1159 401 ANTIQUUS
1190 356 1192 358 ’

319 470 473 505 ΜΕΒΙΑ
527 469 684 503 ΒΑΒΕΝ
746 456 915 511 [Middle
961 460 1088 499 Rasen
1137 460 1374 509 Tupholme}
1459 460 1615 500 Vicaria
1660 463 1704 500 in

236 516 393 553 ecclesia
412 515 459 552 de
478 514 610 551 Media
629 513 758 551 Rasna
776 526 850 563 que
865 517 922 552 est
936 514 1145 552 eorundem
1160 514 1335 552 consistit
1349 516 1392 551 in
1409 517 1491 553 toto
1506 516 1702 566 altaragio,

236 573 395 619 excepta
414 568 561 606 decima
579 579 765 616 agnorum
798 571 836 605 et
868 568 965 606 lane.
1024 568 1198 606 Habebit
1226 568 1346 606 eciam
1372 568 1536 607 vicarius
1555 570 1702 608 toftum

235 624 340 673 quod
354 623 431 660 fuit
446 620 652 660 willielmi
667 620 714 658 de
728 621 927 659 Welleton
941 635 1073 660 versus
1088 622 1274 659 orientem
1288 622 1455 670 ecclesie,
1472 626 1510 660 613
1527 624 1703 662 inveniet

235 678 310 715 sibi
330 677 508 715 clericum
526 675 722 722 idoneum,
743 679 781 713 et
800 676 1047 725 respondebit
1075 676 1123 713 de
1146 676 1303 714 denario
1322 676 1426 714 beati
1446 676 1563 724 Petri,
1585 690 1702 727 quem

234 731 339 769 idem
370 730 535 769 vicarius
568 729 721 778 colliget
733 743 745 777 3
783 732 821 767 et
857 730 933 779 ipsi
970 730 1088 768 abbas
1125 733 1163 767 et
1191 733 1405 768 conventus
1441 732 1702 779 procurabunt

234 785 451 835 hospicium
470 782 755 831 Archidiaconi,
777 787 815 821 et
833 784 987 822 solvent
1005 783 1217 833 synodalia,
1234 787 1272 821 et
1292 784 1420 822 omnia
1438 784 1644 823 aliaoonera
1658 786 1701 824 in

234 841 461 889 perpetuum
481 836 742 876 sustinebunt.
797 837 850 875 Et
868 840 925 875 est
944 840 1038 876 tunc
1057 838 1198 876 vicaria
1216 837 1259 876 lx
1278 838 1497 876 solidorum.

318 954 588 990 MlNTlNGES
641 942 861 998 [Μίηΐὶηρ]
935 945 1090 984 Vicaria
1125 945 1168 983 in
1206 945 1363 984 ecclesia
1398 945 1446 983 (16
1485 945 1701 997 Mintinges

235 1013 309 1050 que
328 1003 385 1038 est
403 999 541 1049 prioris
560 999 608 1036 (16
627 999 843 1049 Mintinges
864 996 1025 1052 [blank]

313 1115 663 1150 TflnlxuNffl-{AM
720 1108 773 1156 [T
771 1105 1072 1160 hreelciozyham]
1153 1106 1308 1145 Vicaria
1355 1107 1398 1145 in
1450 1107 1607 1145 ecclesia
1652 1108 1699 1146 de

233 1161 507 1210 Trikingeham
543 1174 618 1210 que
651 1163 709 1198 est
739 1161 902 1199 fratrum
937 1161 974 1199 S.
1008 1161 1142 1199 Lazari
1168 1161 1216 1199 de
1243 1161 1431 1199 Burthon’
1451 1162 1627 1200 consistit
1656 1163 1700 1200 in

232 1219 315 1253 toto
347 1215 528 1264 altaragio
562 1214 705 1264 absque
737 1215 811 1252 alia
843 1215 1116 1261 diminucione,
1141 1228 1229 1253 cum
1256 1215 1355 1253 tosto
1391 1215 1434 1252 in
1471 1228 1547 1265 quo
1584 1216 1698 1254 modo

231 1269 398 1308 vicarius
428 1268 596 1316 residet3
624 1272 663 1306 et
694 1269 770 1318 ipsi
800 1269 935 1306 fratres
969 1269 1006 1307 S.
1030 1269 1161 1306 Lazari
1192 1269 1451 1318 procurabunt
1483 1270 1698 1319 hospicium

231 1323 519 1370 Archidiaconi,
540 1325 579 1360 et
597 1323 847 1361 sustinebunt
866 1324 907 1360 in
926 1327 1156 1373 perpetuum
1183 1323 1311 1361 omnia
1339 1323 1414 1361 alia
1441 1336 1555 1361 onera
1573 1327 1700 1373 preter

233 1377 433 1427 synodalia
464 1389 539 1426 que
571 1377 841 1414 tantummodo
873 1377 1038 1416 vicarius
1076 1377 1200 1415 solvet
1236 1378 1448 1415 annuatim.
1506 1378 1558 1416 Et
1594 1378 1698 1416 valet

232 1432 374 1470 vicaria
391 1444 418 1469 v
435 1430 549 1469 marc’
569 1434 607 1469 et
626 1443 670 1469 60
689 1431 865 1481 amplius.

313 1548 610 1583 TAMNGTON.
665 1539 821 1577 Vicaria
846 1539 890 1577 in
917 1539 1074 1578 ecclesia
1096 1538 1144 1577 de
1163 1539 1372 1586 Tallinton,
1393 1551 1468 1588 que
1487 1540 1544 1577 est
1561 1539 1698 1589 prioris

233 1597 271 1632 et
290 1596 503 1632 conventus
523 1592 571 1630 de
590 1593 764 1641 Beluero,
794 1593 970 1631 consistit
996 1594 1040 1631 in
1067 1597 1149 1631 toto
1177 1593 1371 1644 altaragio,
1392 1593 1578 1631 solvendo
1605 1593 1698 1631 inde

232 1647 433 1686 annuatim
460 1647 575 1684 dictis
601 1647 718 1696 priori
747 1651 786 1685 613
805 1648 1014 1686 conventui
1032 1647 1146 1697 xxiiij
1168 1647 1339 1695 solidos3
1367 1649 1405 1684 et
1423 1647 1500 1696 ipsi
1528 1647 1632 1696 prior
1659 1650 1698 1685 et

232 1704 445 1741 conventus
463 1701 723 1750 procurabunt
741 1701 959 1751 hospicium
978 1701 1262 1749 Archidiaconi,
1283 1705 1322 1739 et
1341 1702 1471 1739 omnia
1490 1701 1564 1739 alia
1583 1714 1698 1739 onera

231 1757 275 1794 in
293 1759 522 1806 perpetuum
540 1755 789 1793 sustinebunt
807 1759 933 1805 preter
952 1756 1153 1805 synodalia
1171 1769 1246 1805 (1116
1265 1756 1369 1793 idem
1387 1755 1552 1794 vicarius
1573 1755 1697 1794 solvet

231 1810 441 1849 annuatim.
500 1809 674 1848 Habebit
692 1809 810 1848 eciam
830 1810 996 1848 vicarius
1013 1810 1157 1848 toftum
1175 1811 1218 1847 in
1237 1822 1313 1860 quo
1332 1809 1446 1847 modo
1465 1809 1616 1848 residet.

311 1928 530 1962 ΑυΒυΒΝ,
586 1917 740 1956 Vicaria
767 1918 811 1955 in
839 1917 995 1955 ecclesia
1022 1917 1070 1955 de
1097 1917 1275 1966 Auburn,
1304 1930 1378 1968 que
1398 1920 1456 1955 est
1475 1917 1696 1965 eorundem,

231 1973 408 2012 consistit
444 1973 487 2010 in
518 1974 600 2009 toto
632 1972 813 2021 altaragio
844 1985 932 2010 cum
964 1971 1063 2010 tofto
1092 1973 1283 2021 assignato
1297 1986 1308 2020 3
1346 1975 1384 2009 et
1416 1971 1492 2021 ipsi
1524 1972 1627 2021 prior
1658 1975 1697 2010 613

231 2029 445 2066 conventus
464 2026 724 2076 procurabunt
742 2026 958 2075 hospicium
978 2026 1261 2073 Archidiaconi,
1284 2030 1322 2063 et
1342 2026 1471 2063 omnia
1489 2025 1564 2063 alia
1583 2038 1697 2063 onera

230 2082 273 2119 in
291 2084 520 2131 perpetuum
538 2080 787 2119 sustinebunt
804 2083 930 2130 preter
949 2080 1149 2130 synodalia
1167 2093 1242 2130 que
1261 2080 1365 2118 idem
1389 2079 1554 2118 vicarius
1573 2079 1697 2118 solvet

231 2135 442 2174 annuatim.

311 2252 614 2288 GALKEWELL
659 2240 905 2294 [OawkweZZJ.
962 2241 1118 2280 Vicaria
1143 2242 1186 2279 in
1215 2241 1372 2280 ecclesia
1399 2241 1447 2279 de
1475 2240 1696 2289 Calkewell,

231 2311 306 2348 (1116
325 2300 382 2335 est
400 2297 537 2347 prioris
556 2299 595 2334 et
614 2300 828 2334 conventus
848 2296 896 2333 de
914 2296 955 2333 N
957 2295 1111 2344 oketon,
1132 2296 1308 2334 consistit
1333 2296 1376 2333 in
1402 2299 1485 2333 toto
1514 2295 1696 2345 altaragio

230 2356 269 2390 et
287 2352 329 2390 in
347 2364 427 2390 una
444 2363 569 2388 marca
587 2350 816 2400 assignanda
835 2350 877 2388 in
897 2350 1055 2388 decimis
1073 2350 1274 2400 garbarum
1294 2349 1466 2400 ejusdem
1485 2349 1588 2388 ville.

860 2456 942 2510 [FO.
969 2455 1071 2510 le.]

313 2538 590 2573 ΗΕΒΒΕΝΑΜ
640 2526 875 2581 [Edenlzam]
904 2531 940 2567 et
969 2538 1222 2572 BAMBURG,
1277 2528 1429 2566 Vicarie
1456 2528 1500 2566 in
1527 2527 1694 2566 ecclesiis

230 2585 277 2623 de
310 2584 542 2623 Heddenam
574 2586 612 2620 et
644 2583 692 2621 de
725 2583 921 2632 Bamburg
953 2595 1027 2632 que
1059 2586 1151 2620 sunt
1174 2582 1310 2632 prioris
1343 2586 1381 2620 et
1415 2585 1627 2620 conventus
1646 2581 1693 2619 de

229 2639 453 2677 Bridlinton
471 2637 646 2675 nondum
664 2640 756 2675 sunt
774 2637 959 2675 ordinate.

309 2754 521 2789 ννΙΤΗΑΜ,
558 2745 713 2783 Vicaria
730 2746 773 2783 in
791 2745 948 2783 ecclesia
966 2744 1014 2782 (16
1028 2743 1189 2782 Wiham
1209 2742 1296 2795 (sic)
1316 2757 1391 2793 que
1410 2746 1467 2782 est
1486 2743 1694 2781 eorundem

230 2800 408 2840 consistit
426 2799 469 2837 in
489 2799 669 2837 omnibus
688 2799 951 2837 oblacionibus
969 2811 1037 2848 per
1055 2811 1212 2846 annum,
1234 2799 1405 2848 exceptis
1418 2797 1695 2848 purificacioni-

228 2856 314 2902 bus,
335 2853 591 2903 sponsalibus,
611 2853 854 2900 annualibus,
875 2852 1153 2899 tricentalibuS,
1179 2852 1227 2890 (16
1250 2853 1392 2902 quibus
1420 2851 1585 2890 vicarius
1612 2863 1693 2888 non

230 2908 391 2948 habebit
404 2908 481 2945 nisi
494 2907 651 2946 terciam
665 2910 822 2957 partem.
873 2907 1061 2947 Consistit
1076 2907 1195 2945 eciam
1209 2906 1252 2944 in
1267 2907 1383 2944 tercia
1397 2908 1503 2957 parte
1519 2905 1692 2943 omnium
