1844 3178
231 350 287 396 72
774 359 912 394 LIBER
940 358 1177 400 ANTIQUUS

857 456 940 511 [ΕΟ.
965 456 1061 511 232}

312 528 764 598 gpptnpriassimtez
804 535 1047 574 ecclesiarum
1075 536 1113 573 et
1140 532 1437 572 constituciones
1463 533 1693 583 pensionum

232 600 327 640 viris
376 598 561 649 religiosis
590 597 689 635 facte
720 599 891 646 tempore
928 596 1077 635 domini
1113 594 1293 644 Hugonis
1324 595 1483 634 secundi
1517 594 1692 634 Lincoln’

229 654 409 705 episcopi,
430 666 509 691 una
527 664 613 690 cum
631 650 864 701 quibusdam
883 649 1241 689 confirmacionibus
1263 649 1376 687 factis
1393 662 1461 699 per
1475 662 1561 687 eum
1581 661 1695 699 super

231 706 611 759 appropriacionibus
648 707 687 744 et
723 704 1068 743 constitucionibus
1104 703 1335 753 pensionum
1355 703 1500 742 habitis
1527 703 1575 742 de
1602 707 1695 741 tem-

232 762 390 814 poribus
409 760 650 812 quorundam
668 758 976 809 predecessorum
996 757 1191 797 6110111111.ἦε

625 828 641 845 *
654 828 723 855 This
734 828 857 861 heading
867 828 892 854 is
903 828 934 854 in
946 835 963 854 a
974 827 1130 855 somewhat
1138 827 1211 853 later
1222 827 1311 853 hand.

312 927 660 964 οοΝΡΙΕΜΑοΙο
692 916 979 966 composicionis
1005 916 1102 955 inite
1136 915 1238 954 inter
1264 917 1395 954 sancte
1420 914 1696 954 recordacionis

234 975 442 1024 Hugonem
459 972 566 1010 Linc'
587 972 808 1022 episcopum
827 974 866 1009 et
888 971 1120 1021 Magistrum
1147 970 1294 1008 ordinis
1321 969 1369 1008 de
1398 969 1697 1020 Sempingeham

233 1041 346 1079 super
365 1027 533 1066 ecclesiis
551 1026 599 1064 de
618 1026 660 1064 N
660 1026 839 1074 orthton',
855 1025 1067 1063 Marthton'
1087 1027 1126 1063 et
1143 1024 1185 1062 N
1186 1022 1355 1063 eweton’.

313 1098 517 1138 Universis
533 1097 571 1136 S.
589 1096 729 1135 Matris
747 1096 902 1135 ecclesie
919 1096 1011 1134 filiis
1030 1095 1098 1134 &a
1147 1095 1311 1134 Noverit
1328 1093 1557 1134 universitas
1571 1097 1699 1133 vestra

234 1153 338 1204 quod
368 1152 609 1203 inspeximus
641 1150 961 1201 composicionem
988 1163 1102 1200 super
1129 1149 1296 1188 ecclesiis
1314 1149 1362 1187 de
1381 1149 1422 1187 N
1424 1148 1573 1187 orthon'
1592 1151 1632 1187 et
1650 1148 1698 1187 de

235 1207 430 1246 Marthon'
446 1209 485 1245 et
501 1206 548 1244 de
562 1206 603 1244 N
605 1208 775 1244 ewetone
788 1205 930 1243 factam
943 1205 1046 1242 inter
1059 1206 1189 1242 sancte
1201 1203 1476 1242 recordacionis
1491 1203 1698 1253 Hugonem

234 1262 536 1313 predecessorem
566 1262 743 1298 nostrum
774 1262 813 1297 et
841 1258 1054 1309 capitulum
1080 1258 1257 1296 Lincoln’
1277 1271 1326 1296 ex
1352 1270 1430 1295 una
1456 1260 1564 1306 parte
1592 1260 1630 1295 et
1649 1257 1695 1295 R.

236 1316 468 1366 Magistrum
482 1314 628 1353 ordinis
642 1314 690 1352 de
705 1313 1003 1364 Sempingeham
1018 1315 1057 1350 et
1075 1312 1276 1350 canonicos
1294 1312 1510 1361 Hospitalis
1523 1311 1699 1349 Lincoln'

237 1383 287 1409 ex
305 1370 389 1408 alia.
447 1369 532 1407 Nos
550 1368 669 1418 igitur
696 1380 791 1415 eam,
811 1368 910 1405 sicut
937 1366 1220 1405 racionabiliter
1247 1366 1349 1404 facta
1376 1368 1434 1404 est
1449 1369 1487 1403 et
1506 1365 1699 1403 autentico

236 1424 377 1475 scripto
395 1423 654 1474 predictorum
671 1422 856 1473 Episcopi
873 1424 912 1460 et
931 1421 1104 1471 Capituli
1124 1420 1299 1459 Lincoln'
1327 1420 1560 1467 confirmata,
1579 1422 1701 1457 ratam

237 1482 276 1517 et
312 1480 459 1528 gratam
494 1477 693 1524 habenteS,
730 1476 897 1526 prefatos
933 1475 1137 1514 canonicos
1172 1475 1348 1513 misimus
1384 1475 1428 1512 in
1468 1473 1701 1524 corporalem

234 1532 513 1583 possessionem
549 1531 794 1570 ecclesiarum
830 1530 879 1568 de
915 1529 1072 1568 Marton
1109 1532 1148 1567 et
1184 1529 1232 1567 de
1268 1529 1308 1566 N
1310 1530 1470 1577 eweton,
1508 1528 1611 1578 ipsas
1648 1528 1702 1565 eis

238 1586 490 1625 concedentes
516 1585 559 1623 in
586 1585 760 1635 proprios
786 1597 878 1622 usus
905 1584 1090 1622 tenendas
1117 1583 1161 1621 in
1188 1585 1441 1633 perpetuum:
1468 1582 1626 1620 ecclesia
1652 1581 1701 1619 de

238 1640 280 1679 N
281 1640 444 1688 orthon’,
463 1641 507 1678 in
526 1652 602 1689 qua
624 1652 673 1677 ex
700 1639 911 1677 donacione
939 1638 984 1676 R.
1007 1638 1056 1675 de
1075 1637 1294 1684 Chaineto†
1312 1637 1507 1686 quondam
1525 1634 1701 1674 Lincoln'

236 1695 420 1745 Episcopi
456 1697 496 1732 et
533 1693 706 1744 Capituli
741 1692 905 1743 predicti
941 1692 1111 1742 prefatus
1156 1691 1203 1729 R.
1242 1692 1423 1740 magister
1462 1690 1607 1728 ordinis
1653 1689 1702 1728 de

237 1748 536 1800 Sempingeham
556 1751 595 1786 et
613 1748 716 1797 prior
734 1749 1024 1796 conventusque
1050 1745 1220 1796 predicte
1248 1745 1385 1783 domus
1404 1744 1619 1795 Hospitalis
1634 1744 1701 1794 jus

237 1803 314 1842 sibi
349 1803 657 1850 vendicaverant,
697 1802 761 1840 cui
796 1801 977 1840 videlicet
1009 1800 1091 1850 juri
1134 1800 1253 1838 iidem
1298 1800 1479 1849 magister
1523 1799 1626 1849 prior
1662 1801 1702 1836 et

238 1860 452 1896 conventus
478 1859 616 1907 sponte
629 1855 953 1894 renunciaverunt
976 1855 1019 1892 in
1034 1854 1243 1892 donacione
1258 1856 1296 1891 et
1311 1853 1555 1891 ordinacione
1572 1855 1703 1891 nostra

239 1915 279 1950 et
297 1923 557 1950 successorum
575 1913 805 1958 nostrorum,
825 1909 925 1947 sicut
951 1909 995 1947 in
1022 1909 1155 1947 eadem
1174 1908 1452 1958 composicione
1471 1907 1700 1954 continetur,

235 1965 355 2004 libere
374 1968 559 2016 perpetuo
571 1966 829 2014 permanente.
877 1963 983 2001 Huic
1002 1966 1131 2001 autem
1150 1962 1421 2012 composicioni
1441 1961 1487 1999 G.
1509 1973 1702 1999 successor

237 2020 378 2070 prefati
397 2019 444 2058 R.
461 2022 500 2057 et
517 2018 698 2069 magister
716 2017 862 2056 ordinis
881 2017 928 2056 de
947 2016 1245 2067 Sempingeham
1263 2015 1467 2054 consensit.
1514 2015 1566 2053 In
1583 2015 1701 2064 hujus

236 2074 293 2112 rei
310 2074 428 2113 robur
454 2076 493 2111 et
519 2072 786 2111 testimonium
803 2072 973 2123 presenti
990 2071 1131 2121 scripto
1151 2070 1322 2120 sigillum
1339 2073 1514 2108 nostrum
1541 2082 1702 2119 apposu-

237 2128 349 2167 imus.
408 2128 499 2166 Hiis
530 2126 695 2165 testibus
727 2127 876 2176 Rogero
908 2126 1064 2173 decano,
1085 2125 1260 2164 Galfrido
1291 2127 1524 2174 precentore,
1552 2123 1701 2173 Rogero

236 2182 474 2230 cancellario,
494 2181 521 2219 J
523 2181 676 2219 ohanne
694 2181 925 2228 subdecano,
954 2180 1121 2229 Hugone
1148 2179 1197 2217 de
1225 2179 1264 2218 S.
1294 2178 1498 2226 Edwardo,
1518 2177 1627 2217 Will.
1649 2177 1702 2215 fil’

236 2236 358 2284 Fulc',
378 2236 592 2287 Reginaldo
608 2235 656 2273 de
671 2234 804 2283 Cestr',
819 2234 994 2272 Waltero
1012 2234 1061 2271 de
1074 2233 1204 2282 Well',
1219 2232 1387 2271 canonic’
1406 2231 1514 2270 Linc’
1534 2232 1700 2280 ecclesie,

236 2290 407 2329 Roberto
427 2290 635 2341 capellano,
660 2289 830 2328 Roberto
849 2288 898 2327 de
913 2287 1077 2337 GraueP,
1097 2287 1213 2326 Petro
1232 2287 1281 2325 de
1299 2285 1497 2335 Wileton’,
1518 2286 1633 2324 Petro
1653 2286 1702 2324 de

235 2344 414 2392 Bathon’,
435 2349 474 2383 et
493 2343 670 2392 Ricardo,
692 2343 849 2392 clericis,
869 2345 908 2381 et
926 2342 1061 2381 multis
1080 2341 1175 2381 aliis.
1223 2339 1315 2379 Dat'
1334 2340 1439 2391 apud
1457 2340 1699 2379 Lincolniam

234 2398 299 2449 iij⁰
331 2398 408 2437 kal'
440 2398 576 2449 Marcij
610 2410 678 2448 per
704 2410 865 2436 manum
883 2396 947 2436 W.
970 2397 1019 2436 de
1045 2395 1232 2435 Tornach'
1264 2394 1524 2434 archidiaconi
1556 2394 1699 2444 Stowe,

234 2452 490 2492 Pontificatus
507 2453 631 2492 nostri
648 2464 750 2491 anno
769 2451 919 2502 quinto,

720 2522 851 2555 †R0bert
861 2521 896 2548 de
907 2520 1043 2553 Chesney‚
1054 2519 1210 2547 1148-1167.

234 2664 275 2704 H
316 2619 496 2655 ΡεΝειο
533 2620 592 2654 1,,ε.
609 2610 656 2649 de
673 2610 828 2650 ecclesia
854 2610 900 2648 de
931 2609 1080 2660 Opford
1098 2620 1274 2648 concessa
1300 2607 1418 2659 priori
1437 2610 1475 2647 et
1490 2607 1698 2648 conventui

277 2664 518 2715 untingdon'.

312 2719 518 2759 Universis
547 2718 694 2758 Christi
721 2717 900 2757 fidelibus
928 2716 996 2757 &c.
1041 2717 1206 2756 Noverit
1224 2716 1453 2756 universitas
1472 2718 1600 2755 vestra
1626 2729 1697 2755 nos

233 2773 281 2812 de
299 2786 456 2812 assensu
474 2773 683 2812 Willielmi
699 2772 812 2823 Dacy
830 2772 984 2823 patroni
1002 2771 1158 2810 ecclesie
1177 2771 1224 2809 de
1244 2771 1393 2821 Opford
1412 2771 1640 2809 concessisse
1658 2773 1697 2809 et

231 2828 400 2878 presenti
432 2830 535 2866 carta
565 2830 697 2866 nostra
724 2827 964 2865 confirmasse
991 2825 1142 2864 dilectis
1168 2825 1212 2863 in
1240 2825 1395 2865 Christo
1414 2825 1505 2863 filiis
1523 2825 1641 2875 priori
1659 2827 1699 2862 et

233 2881 425 2920 canonicis
445 2882 484 2921 S.
514 2881 638 2920 Marie
665 2880 902 2920 Hunte'don’
929 2881 974 2919 in
1000 2892 1140 2931 purum
1168 2882 1206 2918 et
1223 2882 1452 2930 perpetuum
1470 2879 1698 2917 beneficium

231 2936 520 2986 quinquagenta
564 2936 707 2974 solidos
753 2935 802 2973 de
847 2935 980 2973 eadem
1026 2933 1183 2973 ecclesia
1227 2934 1275 2972 de
1313 2933 1462 2985 Opford
1497 2932 1698 2972 annuatim
