1844 3178
231 347 285 388 60
772 352 909 387 LIBER.
939 352 1174 394 ANTIQUUS

312 463 607 500 οοοΒιΝτοΝ
644 461 824 495 εΑΝοτι
864 461 1119 496 Leontinon.
1183 451 1338 490 Vicaria
1371 452 1415 489 in
1452 451 1607 489 ecclesia
1643 451 1691 489 de

231 510 442 549 Cocrinton
462 508 499 546 S.
522 506 713 544 Leonardi
733 518 807 554 que
826 509 884 543 est
902 506 1039 555 prioris
1068 509 1106 543 et
1134 508 1347 544 conventus
1365 505 1413 543 de
1431 505 1692 555 Aluingeham

232 563 408 602 consistit
426 563 468 600 in
490 560 562 613 [f0.
587 557 675 612 171³]
695 562 777 596 toto
797 560 978 608 altaragio
997 562 1123 609 preter
1140 559 1266 596 linum
1285 562 1322 596 et
1340 560 1384 597 in
1401 572 1479 597 uno
1499 560 1691 609 quartario

231 617 417 656 frumenti
449 618 488 653 et
515 615 557 652 in
585 626 664 651 uno
693 613 885 662 quartario
913 614 1018 651 ordei
1045 613 1251 663 paccabilis
1279 613 1327 651 de
1355 613 1469 651 dictis
1501 613 1626 662 priore
1654 615 1693 650 et

232 674 426 710 conventu
454 668 656 707 annuatim
688 667 954 716 percipiendis.
1013 667 1226 705 Reddendo
1245 667 1337 704 inde
1356 668 1558 704 annuatim
1577 666 1693 704 dictis

231 726 349 775 priori
368 727 407 762 et
427 721 635 762 conventui
654 720 858 758 duodecim
877 721 1061 759 denarios.
1134 721 1188 758 Et
1206 721 1280 770 ipsi
1300 721 1403 770 prior
1422 724 1459 758 et
1479 723 1693 759 conventus

232 779 492 829 procurabunt
517 776 736 825 hospicium
763 774 1022 812 archidiaconi
1040 779 1079 813 et
1098 778 1222 813 cetera
1247 787 1362 812 onera
1388 775 1636 812 sustinebunt
1655 777 1694 811 et

231 832 493 883 providebunt
512 830 559 868 de
578 829 677 868 tofto
697 828 771 879 ipsi
792 829 944 868 vicario.
1003 829 1056 868 Et
1084 832 1142 867 est
1169 829 1311 867 vicaria
1337 828 1456 867 trium
1482 840 1694 866 marcarum

230 891 269 925 et
292 900 336 925 eo
355 886 532 936 amplius.

315 1002 617 1038 K501NG†0N‚
681 990 836 1028 Vicaria
871 991 914 1028 in
951 990 1108 1028 ecclesia
1153 990 1202 1028 de
1248 990 1480 1028 Keddinton
1516 1003 1592 1040 que
1639 993 1697 1028 est

232 1048 441 1088 eorundem
473 1045 649 1084 consistit
680 1045 723 1082 in
753 1048 836 1082 toto
870 1045 1051 1094 altaragio
1080 1048 1206 1094 preter
1226 1044 1364 1092 linum,
1384 1044 1580 1082 reddendo
1605 1043 1698 1081 inde

233 1102 434 1142 annuatim
453 1100 566 1138 dictis
585 1099 704 1149 priori
722 1100 761 1136 et
779 1099 989 1136 conventui
1008 1097 1094 1137 xiid.
1153 1099 1205 1137 Et
1219 1098 1295 1148 ipsi
1313 1099 1417 1148 prior
1430 1102 1469 1136 et
1484 1101 1697 1136 conventus

232 1155 495 1208 providebunt
513 1154 655 1192 vicario
676 1153 723 1191 de
741 1153 840 1191 tofto
856 1155 895 1190 et
913 1153 1172 1202 procurabunt
1192 1153 1408 1203 hospicium
1422 1152 1699 1190 Archidiaconi

233 1215 272 1250 et
291 1213 414 1249 cetera
432 1222 547 1247 onera
565 1208 694 1246 omnia
712 1207 971 1245 sustinebunt.
1029 1207 1081 1245 Et
1100 1210 1158 1245 est
1176 1207 1317 1246 vicaria
1335 1207 1393 1257 iiij
1414 1219 1636 1245 marcarum.

315 1326 594 1363 GALTHORP.
633 1315 788 1353 Vicaria
801 1315 842 1353 in
859 1315 1017 1353 ecclesia
1031 1315 1079 1353 de
1095 1314 1303 1365 Calethorp
1322 1328 1397 1365 que
1416 1317 1474 1352 est
1492 1313 1700 1353 eorundem

234 1373 409 1412 consistit
427 1372 470 1409 in
489 1374 571 1408 tota
590 1370 746 1408 ecclesia
766 1382 853 1407 cum
872 1369 1040 1419 quodam
1059 1370 1159 1407 tofto
1179 1369 1353 1407 edificato
1368 1370 1485 1419 juxta
1503 1368 1700 1407 ecclesiam

233 1431 359 1477 preter
391 1426 557 1464 decimas
590 1424 775 1462 dominici
808 1423 945 1461 domus
977 1424 1025 1462 de
1055 1423 1317 1474 Aluingeham
1356 1423 1400 1461 in
1436 1423 1570 1461 eadem
1606 1422 1701 1460 villa

234 1486 405 1532 tempore
432 1480 551 1528 hujus
583 1478 865 1529 assignacioniS‚
897 1481 935 1516 et
963 1481 1122 1527 excepta
1149 1481 1248 1516 terra
1271 1478 1304 1515 si
1330 1490 1407 1527 qua
1428 1478 1618 1527 pertineat
1651 1476 1701 1514 ad

235 1536 379 1574 dictam
394 1533 590 1573 ecclesiam
607 1533 654 1571 de
670 1532 878 1581 Calethorp
893 1546 901 1570 ε
925 1532 1120 1570 reddendo
1134 1532 1226 1570 inde
1240 1532 1441 1570 annuatim
1456 1531 1570 1574 dictis
1584 1530 1703 1580 priori

236 1590 284 1628 (10
316 1588 579 1638 Aluingeham
615 1585 704 1637 xijd.
761 1587 814 1624 Et
850 1586 925 1636 ipsi
962 1586 1080 1636 priori
1116 1590 1154 1624 et
1192 1590 1406 1625 conventus
1443 1585 1702 1636 procurabunt

235 1644 454 1694 hospicium
486 1641 762 1680 Archidiaconi
787 1643 826 1679 et
853 1649 977 1679 cetera
996 1653 1110 1679 onera
1128 1641 1399 1679 sustinebunt:
1428 1643 1467 1678 et
1485 1642 1543 1678 est
1562 1639 1704 1678 vicaria

234 1699 354 1736 trium
373 1709 595 1736 marcarum.

318 1814 567 1850 ORMESBY,
624 1803 779 1842 Viearia
807 1803 849 1841 in
875 1802 1033 1841 ecclesia
1059 1803 1108 1840 (10
1136 1802 1324 1852 Ormesby
1343 1815 1417 1852 que
1437 1805 1494 1841 est
1513 1801 1649 1852 prioris
1667 1803 1706 1839 et

238 1863 451 1899 conventus
489 1859 537 1896 de
575 1857 764 1907 Ormesby
802 1857 855 1895 sic
888 1860 946 1895 est
983 1857 1169 1896 ordinata.
1227 1857 1407 1895 Vicarius
1443 1856 1603 1894 habebit
1638 1868 1707 1905 per

238 1927 384 1952 annum
404 1926 472 1951 sex
491 1912 682 1963 quartaria
697 1915 735 1949 et
751 1911 956 1949 dimidium
976 1911 1162 1949 frumenti
1177 1911 1393 1961 paccabilis,
1410 1924 1527 1949 unam
1542 1923 1707 1948 marcam

238 1968 398 2018 argenti,
429 1967 646 2005 oblaciones
673 1966 716 2003 in
744 1966 952 2015 majoribus
981 1965 1344 2015 sollempnitatibus,
1375 1965 1630 2003 obvenciones
1658 1964 1706 2001 de

239 2022 491 2069 confessione,
528 2020 743 2059 secundum
779 2020 960 2070 legatum,
990 2033 1058 2069 pro
1086 2019 1329 2069 sponsalibus
1357 2020 1430 2069 jd„
1450 2032 1518 2069 pro
1552 2031 1707 2068 corpore

239 2077 409 2126 presenti
423 2075 481 2125 jd.
538 2075 591 2113 Et
610 2075 686 2124 ipsi
704 2074 807 2124 prior
825 2077 864 2112 et
883 2077 1097 2112 conventus
1110 2074 1313 2112 invenient
1327 2074 1506 2112 clericum
1525 2072 1707 2110 idoneum

238 2132 282 2169 in
300 2131 464 2181 propriis
483 2130 662 2179 expensis
677 2132 715 2167 et
729 2128 988 2179 procurabunt
1003 2128 1221 2178 hospicium
1239 2127 1514 2166 Archidiaconi
1528 2129 1567 2165 et
1585 2130 1709 2165 cetera

240 2198 354 2223 onera
391 2184 640 2222 sustinebunt
677 2186 717 2221 et
752 2182 1013 2233 providebunt
1049 2182 1098 2220 de
1134 2182 1244 2221 tofto.
1302 2182 1355 2220 Et
1386 2185 1445 2220 est
1477 2181 1618 2220 vicaria
1648 2180 1706 2230 iiij

238 2252 460 2278 marcarum.

321 2356 557 2391 νΤΤΕΒΒΥ,
614 2346 769 2384 Vicaria
790 2345 834 2383 in
856 2345 1012 2383 ecclesia
1040 2345 1088 2383 de
1115 2344 1286 2395 Vtterby
1313 2358 1388 2395 que
1415 2348 1473 2382 est
1501 2343 1710 2382 eorundem

241 2402 360 2463 simili
391 2401 505 2439 modo
538 2404 597 2439 est
630 2400 803 2438 ordinata
837 2403 882 2437 ut
914 2400 1056 2438 vicaria
1087 2399 1136 2437 de
1173 2399 1373 2450 Ormesby.
1431 2399 1484 2437 Et
1515 2398 1618 2437 valet
1650 2397 1708 2446 iiij

241 2468 387 2495 marcis.

329 2572 589 2607 ΡΕΤΤΕΒΒΥ,
648 2563 802 2601 Viearia
820 2562 863 2600 in
882 2562 1038 2600 ecclesia
1056 2561 1104 2599 (10
1123 2561 1308 2612 Fetterby
1328 2573 1403 2611 que
1425 2563 1483 2599 est
1505 2560 1711 2599 eorundem

245 2618 364 2680 simili
382 2618 495 2655 modo
516 2620 574 2655 est
592 2617 768 2655 ordinata
786 2620 831 2655 ut
845 2617 988 2656 vicaria
1000 2616 1042 2654 in
1058 2616 1214 2654 ecclesia
1228 2616 1277 2654 de
1292 2615 1492 2665 Ormesby.
1541 2615 1593 2653 Et
1608 2614 1712 2653 valet

245 2686 303 2723 111]
324 2684 546 2711 marcarum.

330 2789 488 2824 PARVA
524 2789 786 2823 GfflMESssY,
841 2778 996 2817 Vicaria
1023 2779 1065 2816 in
1093 2778 1250 2817 ecclesia
1278 2778 1325 2816 de
1351 2778 1477 2816 Parva
1509 2776 1714 2825 Grimesby

250 2849 326 2885 que
345 2837 403 2872 est
422 2834 631 2871 eorundem
659 2833 836 2871 consistit
863 2834 905 2871 in
933 2836 1016 2871 toto
1044 2833 1225 2882 altaragio
1253 2835 1292 2870 et
1310 2832 1353 2870 in
1372 2845 1440 2870 sex
1454 2831 1656 2881 quartariis
1674 2833 1714 2869 et

254 2889 416 2928 dimidio
445 2888 631 2926 frumenti
659 2887 864 2937 paccabilis
892 2891 931 2926 et
957 2888 999 2925 in
1028 2887 1190 2925 dimidia
1216 2899 1341 2925 marca
1368 2887 1515 2937 argenti
1534 2886 1582 2923 de
1600 2885 1714 2923 dictis
