1844 3178
209 326 264 367 82
726 332 864 366 LIBER
894 331 1129 371 ANTIQUUS

208 436 393 487 capellam
429 434 480 473 ad
517 432 714 472 ecclesiam
741 430 789 469 de
816 430 972 469 Berton’
1000 429 1067 468 sed
1095 432 1225 468 tamen
1251 431 1448 479 tamquam
1475 429 1673 467 matricem

208 491 405 529 ecclesiam
436 487 657 527 invenimus
689 498 773 523 eam
801 484 848 522 de
876 485 1054 523 omnibus
1074 483 1253 522 oneribus
1272 486 1312 521 et
1330 483 1675 522 consuetudinibus

209 544 490 595 episcopalibus
527 545 565 579 et
602 539 971 578 archidiaconalibus
1012 537 1318 588 respondentem.
1375 537 1493 575 Unde
1539 537 1674 575 habito

209 611 399 637 consensu
413 595 562 636 Decani
589 598 627 632 et
656 593 816 643 capituli
842 594 965 631 nostri
994 593 1040 630 de
1069 592 1228 629 consilio
1251 591 1421 630 virorum
1440 591 1675 640 prudentum

209 654 421 703 predictam
455 649 650 688 ecclesiam
684 648 732 685 de
764 647 918 685 Berton'
953 660 1040 685 cum
1059 646 1203 695 capella
1237 645 1285 683 de
1317 645 1491 683 Sanford'
1523 648 1560 683 et
1591 645 1677 683 aliis

209 706 457 757 pertinenciis
485 704 564 742 suis
591 702 764 752 predicto
790 701 922 739 abbati
941 704 979 738 et
999 700 1208 738 conventui
1225 700 1510 749 imperpetuum
1528 712 1678 737 conces-

210 762 329 799 simus
348 761 391 798 in
414 758 588 809 proprios
615 769 708 794 usus
735 755 786 793 ad
813 755 1138 793 sustentacionem
1165 753 1444 803 hospitalitatis
1470 755 1677 791 memorate

211 814 521 853 convertendam.
578 810 705 849 Salvis
724 809 1005 859 episcopalibus
1025 812 1063 846 et
1091 807 1460 846 archidiaconalibus
1479 810 1679 845 consuetu-

211 869 370 907 dinibus
389 868 437 905 de
451 865 622 917 predicta
637 863 782 913 capella
797 863 844 901 de
859 862 1062 901 Sandford'
1077 865 1274 911 tamquam
1289 861 1337 899 de
1352 861 1509 899 ecclesia
1523 861 1679 899 matrice

210 927 255 961 ut
274 922 524 973 prediximus.
583 918 700 957 Salvo
721 916 804 969 (sio)
824 917 943 955 eciam
961 916 1176 954 Willielmo
1196 916 1244 954 de
1263 916 1302 955 S.
1320 915 1347 954 J
1350 915 1500 953 ohanne
1518 927 1680 965 persone

211 977 366 1015 ecclesie
385 977 433 1014 de
452 973 606 1013 Berton'
636 974 675 1010 et
703 972 750 1010 de
782 970 986 1010 Sandford’
1005 971 1163 1021 pacifica
1195 970 1436 1021 poosessione
1455 981 1525 1008 sua
1551 968 1680 1019 quoad

210 1031 366 1070 vixerit.

294 1145 571 1183 onnonlo
590 1134 733 1173 vicarie
751 1134 797 1172 de
815 1132 982 1172 Berton'.

295 1192 512 1232 Statuimus
526 1193 656 1228 autem
670 1188 775 1238 quod
789 1190 877 1238 post
892 1187 1090 1225 decessum
1105 1186 1274 1237 predicte
1288 1198 1448 1237 persone
1463 1185 1682 1236 capellanus

212 1248 374 1286 idoneus
393 1245 506 1283 nobis
525 1247 562 1282 et
583 1243 862 1281 successoribus
877 1242 1019 1279 nostris
1034 1241 1082 1279 ad
1096 1244 1320 1291 perpetuam
1330 1240 1511 1279 vicariam
1527 1240 1683 1279 ecclesie

213 1302 261 1340 de
282 1301 436 1340 Berton'
456 1299 504 1337 ab
524 1298 663 1336 abbate
687 1300 725 1335 et
753 1298 949 1335 conventu
976 1298 1218 1345 presentetur
1236 1295 1305 1346 qui
1323 1295 1509 1345 percipiet
1527 1294 1684 1331 nomine

212 1359 397 1406 perpetue
415 1353 555 1393 vicarie
567 1355 697 1390 totum
712 1351 939 1400 altaragium
954 1350 1128 1400 ejusdem
1144 1349 1299 1388 ecclesie
1314 1361 1400 1387 cum
1416 1348 1578 1386 dimidia
1591 1347 1685 1386 hida

212 1414 312 1449 terre
331 1409 380 1447 ad
399 1408 560 1446 eandem
589 1406 786 1445 ecclesiam
814 1404 1033 1455 pertinente
1061 1407 1100 1442 et
1127 1416 1216 1442 cum
1243 1404 1357 1442 domo
1384 1415 1501 1453 quam
1518 1402 1685 1440 Thomas

213 1477 332 1503 senex
350 1465 467 1502 tenet.

296 1579 572 1617 οΒοιΝΑοιο
592 1569 735 1607 vicarie
789 1597 798 1607 .
857 1596 866 1605 .
925 1596 933 1605 .
992 1596 1000 1605 .
1058 1566 1199 1615 capelle
1218 1566 1264 1604 de
1284 1563 1505 1613 Sandford'.

295 1627 362 1665 Ad
399 1628 624 1675 perpetuam
662 1635 753 1662 vero
789 1621 972 1660 vicariam
1010 1620 1153 1670 capelle
1191 1620 1238 1658 de
1272 1619 1477 1658 Sandford’
1511 1618 1688 1656 similiter

214 1683 457 1733 presentetur
484 1678 597 1716 nobis
632 1680 670 1715 et
704 1675 984 1715 successoribus
1017 1675 1159 1713 nostris
1190 1674 1353 1712 idoneus
1387 1673 1606 1723 capellanus
1640 1672 1689 1710 ab

216 1736 360 1774 eisdem
379 1734 447 1784 qui
466 1732 651 1783 percipiet
672 1744 803 1769 omnes
824 1730 1080 1768 obvenciones
1100 1729 1230 1767 altaris
1251 1728 1425 1778 ejusdem
1439 1727 1582 1777 capelle
1601 1739 1690 1764 cum

216 1789 379 1828 minutis
395 1787 553 1826 decimis
569 1790 608 1824 et
627 1799 715 1824 cum
734 1788 899 1835 quatuor
917 1784 1013 1822 acris
1032 1786 1071 1821 et
1090 1783 1252 1821 dimidia
1266 1782 1316 1820 ad
1332 1782 1492 1819 eandem
1507 1781 1690 1831 capellam

217 1842 512 1896 pertinentibus.
570 1840 750 1879 Vicarius
770 1841 899 1877 autem
918 1838 967 1876 ad
986 1850 1101 1887 quem
1128 1837 1296 1887 pertinet
1321 1836 1484 1874 officiare
1505 1835 1691 1885 capellam

217 1899 265 1937 de
285 1896 459 1936 Ledwell
478 1895 514 1933 ei
533 1895 646 1932 faciet
661 1896 776 1944 prout
792 1893 908 1930 debet
922 1892 1107 1930 deserviri
1122 1894 1160 1929 et
1172 1890 1357 1941 percipiet
1371 1890 1528 1928 terciam
1542 1893 1691 1939 partem

218 1953 391 1991 omnium
412 1950 647 1987 decimarum
668 1948 715 1986 de
732 1947 859 1986 Graua
877 1959 946 1996 pro
962 1946 1172 1984 necessaria
1186 1945 1471 1983 sustentacione
1490 1944 1688 1993 capellani.

219 2005 480 2047 Sustinebunt
498 2007 629 2041 autem
649 2001 812 2052 predicti
830 2001 965 2039 vicarii
985 2000 1114 2038 omnia
1130 2012 1244 2037 onera
1257 1998 1517 2049 predictarum
1535 1998 1691 2035 ecclesie

217 2065 256 2100 et
278 2059 422 2110 capelle
442 2058 490 2096 de
505 2056 709 2097 Sandford’
726 2055 956 2106 episcopalia
971 2058 1009 2092 et
1031 2053 1352 2092 archidiaconalia
1371 2055 1553 2090 consueta
1567 2054 1692 2101 preter

217 2114 436 2165 hospicium
456 2112 625 2162 episcopi
644 2114 683 2149 et
710 2109 980 2148 archidiaconi.
1039 2108 1098 2147 Ut
1125 2108 1243 2158 igitur
1262 2107 1391 2145 omnia
1409 2106 1594 2156 premissa
1611 2108 1693 2143 rata

218 2173 257 2208 et
289 2170 516 2206 inconcussa
548 2167 799 2216 permaneant
833 2176 917 2202 eam
949 2163 1120 2213 presenti
1152 2162 1294 2211 scripto
1330 2164 1368 2199 et
1400 2160 1527 2210 sigillo
1560 2163 1691 2197 nostro

219 2223 403 2262 duximus
449 2219 710 2259 confirmanda
756 2217 854 2270 (sic).
915 2217 1043 2256 Salvis
1089 2217 1132 2254 in
1184 2215 1363 2253 omnibus
1413 2214 1693 2264 episcopalibus

219 2275 565 2316 consuetudinibus
611 2277 649 2312 et
686 2271 862 2311 Lincoln'
910 2271 1066 2309 ecclesie
1112 2270 1313 2320 dignitate.
1372 2269 1463 2307 Hiis
1500 2268 1689 2315 Testibus,

218 2330 434 2382 Reginaldo
454 2329 502 2367 de
522 2327 656 2376 Cestr’‚
677 2326 896 2366 subdecano
916 2325 1024 2364 Linc'
1046 2324 1213 2373 ecclesie,
1233 2323 1301 2362 &a

304 2437 373 2471 lds·
395 2435 610 2469 BURTON.

299 2480 514 2526 Universis,
550 2478 616 2517 &a
676 2476 841 2516 Noverit
872 2475 1103 2514 universitas
1141 2476 1268 2513 vestra
1299 2485 1371 2511 nos
1411 2472 1459 2510 de
1501 2485 1689 2511 consensu

220 2535 362 2585 Rogeri
380 2533 514 2572 decani
534 2535 573 2570 et
592 2531 754 2582 capituli
778 2531 901 2569 nostri
919 2528 1028 2568 Linc'
1048 2529 1181 2567 divine
1201 2528 1355 2578 pietatis
1373 2526 1523 2565 intuitu
1543 2527 1694 2565 dedisse
1728 2552 1730 2554 v

220 2593 258 2628 et
277 2588 506 2627 concessisse
526 2586 677 2624 dilectis
700 2586 744 2623 in
763 2585 918 2624 Christo
937 2584 1028 2621 filiis
1056 2583 1189 2621 abbati
1217 2586 1255 2620 et
1283 2581 1493 2620 conventui
1512 2581 1560 2619 de
1580 2580 1693 2619 Osen’

221 2644 317 2682 duos
337 2642 479 2681 solidos
508 2641 552 2678 in
579 2640 737 2678 ecclesia
765 2639 813 2677 de
848 2639 1007 2677 Burton'
1027 2650 1101 2687 que
1131 2637 1178 2674 de
1207 2649 1337 2674 eorum
1364 2635 1618 2674 advocacione
1637 2639 1696 2673 est

221 2697 423 2736 annuatim
478 2694 634 2733 nomine
679 2694 857 2744 perpetui
901 2692 1079 2731 beneficii
1124 2690 1403 2741 percipiendos,
1481 2689 1607 2728 Salvis
1653 2689 1695 2727 in

221 2751 414 2798 omnibus,
452 2749 521 2788 &c.
577 2749 631 2786 Et
667 2751 711 2786 ut
748 2749 819 2786 hec
856 2750 987 2785 nostra
1027 2745 1218 2783 concessio
1257 2747 1481 2794 perpetuam
1521 2743 1694 2781 obtineat

221 2806 443 2843 firmitatem
479 2803 649 2853 presenti
696 2803 838 2851 scripto
887 2800 1058 2850 sigillum
1097 2802 1272 2837 nostrum
1321 2811 1399 2836 una
1438 2810 1526 2835 cum
1569 2797 1695 2846 sigillo

221 2859 385 2910 predicti
403 2857 562 2908 capituli
580 2856 703 2895 nostri
722 2855 828 2894 Linc’
850 2855 1033 2893 duximus
1054 2853 1338 2905 apponendum.
1398 2852 1488 2890 Hiis
1502 2850 1694 2897 Testibus,
