1844 3178
663 316 867 351 Huconis
898 316 1062 350 WELLs.
1542 303 1597 346 77

137 419 175 454 et
202 416 334 454 ceteris
362 419 405 454 ut
432 429 546 466 supra
572 416 611 453 in
642 417 743 453 carta
769 414 952 464 proxima.
1021 413 1110 452 Dat'
1138 426 1205 464 per
1232 424 1389 450 manum
1418 411 1594 462 Magistri

136 470 545 562 ffggssnaalffilgesgeztr'
564 469 667 520 apud
694 468 883 518 Kyldeby
902 471 1036 506 octavo
1055 468 1143 506 idus
1163 466 1330 517 Augusti
1347 466 1593 515 pontificatus

216 620 340 654 TRES
372 620 575 654 ΜΑΒοΑε
593 611 636 648 in
654 609 806 648 ecclesia
829 609 1009 648 Omnium
1030 609 1098 647 SS.
1127 608 1256 648 Oxon’.

217 664 419 702 Universis
432 664 578 703 Christi
589 664 766 702 fidelibus
780 663 845 702 &a
904 663 1067 701 Noverit
1079 662 1308 700 universitas
1323 662 1450 698 vestra
1465 672 1534 698 nos
1549 660 1597 698 de

137 730 293 756 assensu
316 717 487 767 Capituli
506 718 628 755 nostri
642 717 816 755 Lincoln'
832 717 963 755 divine
978 716 1134 766 pietatis
1152 715 1300 753 intuitu
1314 714 1540 753 concessisse
1560 717 1599 752 et

138 772 287 809 dedisse
307 775 345 809 et
363 772 532 820 presenti
560 775 661 809 carta
687 774 818 809 nostra
845 771 1085 809 confirmasse
1104 769 1255 808 dilectis
1273 769 1316 806 in
1335 768 1490 807 Christo
1508 768 1599 806 filiis

138 823 263 863 Priori
275 828 313 862 et
320 825 540 863 Conventui
549 825 587 863 S.
597 825 858 863 Frethewithe
868 825 991 862 Oxon'
1000 827 1075 861 tres
1086 835 1228 861 marcas
1239 834 1385 860 annuas
1394 822 1437 859 in
1448 821 1599 860 ecclesis

140 879 324 917 Omnium
345 878 572 917 Sanctorum
592 878 714 917 Oxon'
734 880 890 916 nomine
916 878 1091 928 perpetui
1120 876 1295 915 beneficii
1322 875 1594 925 percipiendas.

139 932 266 971 Salvis
285 933 327 969 in
346 932 523 970 omnibus
543 932 609 970 &c
668 932 719 969 In
750 932 867 981 hujus
899 932 1016 981 igitur
1043 931 1099 969 rei
1125 931 1241 968 robur
1263 933 1300 967 et
1331 930 1597 967 testimonium

138 986 308 1035 sigillum
327 989 501 1023 nostrum
520 990 558 1023 et
586 986 756 1035 sigillum
784 986 943 1035 capituli
961 985 1083 1023 nostri
1109 983 1216 1022 Linc'
1236 984 1327 1021 huic
1346 983 1486 1033 scripto
1506 986 1598 1020 sunt

139 1040 321 1089 apposita.
379 1039 557 1077 Testibus
589 1038 757 1077 Roberto
791 1039 839 1077 de
873 1039 1005 1077 Heiles
1040 1038 1304 1076 archidiacono
1338 1034 1596 1085 Huntindon’,

140 1094 325 1142 Magistro
346 1093 558 1143 Reginaldo
573 1094 620 1130 de
641 1093 768 1143 Cestr'*
780 1096 818 1131 et
852 1093 983 1131 ceteris
1016 1095 1060 1130 ut
1088 1105 1202 1141 supra
1229 1092 1271 1128 in
1290 1094 1392 1128 carta
1411 1090 1596 1140 proxima.

139 1147 229 1184 Dat’
257 1160 325 1196 per
355 1160 513 1184 manum
541 1146 745 1184 Willielmi
768 1147 815 1184 de
848 1147 1004 1184 Tornac’
1023 1145 1297 1184 Archidiaconi
1332 1144 1461 1183 Stowe
1495 1144 1598 1194 apud

139 1200 262 1239 Oxon'
281 1200 566 1250 quintodecimo
580 1201 654 1238 kal'
675 1200 909 1250 Septembris
927 1200 1171 1250 pontificatus
1191 1198 1313 1236 nostri
1331 1210 1432 1236 anno
1450 1198 1521 1247 ij.

221 1296 531 1331 ΒΑΤΙΡΙΟΑῦιο
571 1287 787 1325 collaciom's
820 1287 1084 1325 advocacionis
1111 1286 1256 1324 ecclesie
1284 1286 1329 1323 de
1357 1286 1537 1324 Stainton
1553 1283 1599 1337 (2)

220 1340 424 1378 Universis
444 1344 572 1378 sancte
591 1341 723 1378 matris
738 1340 805 1380 &a
864 1341 993 1389 Quum
1005 1341 1069 1390 pia
1081 1340 1254 1378 fidelium
1265 1339 1365 1377 facta
1379 1339 1495 1388 digno
1508 1342 1600 1376 sunt

140 1394 400 1444 persequenda
424 1394 563 1442 favore,
585 1395 769 1433 noveritis
800 1407 869 1432 nos
900 1395 1146 1432 collacionem
1177 1393 1308 1431 dilecti
1337 1392 1410 1430 filii
1436 1392 1602 1430 Galfridi

141 1448 189 1486 de
225 1447 380 1495 Nevill’,
420 1461 535 1497 quam
571 1461 684 1498 super
720 1448 972 1486 advocacione
1001 1448 1155 1486 ecclesie
1183 1447 1231 1485 de
1260 1447 1441 1485 Stainton
1468 1446 1601 1483 domui

140 1501 313 1551 religiose
332 1501 379 1539 de
398 1502 632 1551 Tupesholm
650 1502 743 1540 fecit
762 1505 800 1540 et
819 1502 1011 1539 canonicis
1029 1501 1174 1539 ibidem
1195 1501 1265 1538 deo
1285 1500 1541 1538 servientibus
1562 1502 1600 1537 et

141 1556 422 1605 imperpetuum
441 1555 664 1605 regulariter
682 1556 889 1602 servituris,
905 1558 1024 1593 ratam
1038 1558 1077 1593 et
1089 1557 1234 1604 gratam
1248 1554 1400 1600 habere,
1414 1566 1496 1591 eam
1513 1566 1599 1603 que,

142 1610 241 1647 sicut
260 1609 540 1647 racionabiliter
558 1609 657 1647 facta
676 1613 742 1657 est,
766 1610 820 1647 eis
847 1609 1071 1647 auctoritate
1094 1608 1301 1658 episcopali
1320 1608 1597 1646 confirmamus.

143 1663 270 1701 Salvis
297 1663 340 1700 in
371 1663 550 1700 omnibus
583 1663 649 1702 Sec.
709 1663 822 1711 Quod
854 1666 899 1700 ut
926 1666 1150 1712 perpetuam
1177 1661 1244 1701 διο.
1305 1662 1394 1699 Hiis
1422 1661 1601 1699 Testibus

143 1715 250 1754 Will’
269 1717 316 1753 de
335 1717 503 1754 Tornaco
537 1717 800 1754 archidiacono
821 1716 958 1764 Stowe,
982 1717 1167 1766 Magistro
1186 1716 1232 1754 R.
1255 1716 1302 1754 de
1331 1715 1462 1762 Cestr',
1484 1715 1530 1752 R.
1553 1715 1600 1752 de

142 1769 310 1808 Bristoll'
348 1770 553 1819 capellano,
596 1771 781 1820 Magistro
819 1770 990 1808 Waltero
1037 1771 1084 1808 de
1130 1770 1257 1818 Wess’,
1296 1770 1340 1808 P.
1380 1769 1428 1806 de
1473 1768 1599 1817 Bath',

143 1824 335 1862 canonicis
353 1824 472 1871 Linc',
493 1825 689 1874 Magistris
708 1825 753 1863 R.
776 1825 824 1862 de
853 1824 1003 1862 Grauel'
1022 1827 1060 1862 et
1079 1824 1143 1862 W.
1166 1824 1214 1862 de
1233 1823 1464 1872 Staveneby,
1485 1823 1601 1860 Petro

144 1878 192 1916 de
223 1878 399 1925 Wilton’,
430 1878 476 1916 R.
500 1878 546 1916 de
579 1878 731 1925 Bolum,
767 1878 964 1928 Stephano
1001 1878 1048 1916 de
1077 1878 1155 1917 Cic'
1188 1881 1227 1916 et
1256 1878 1352 1916 aliis.
1411 1876 1501 1914 Dat'
1534 1889 1602 1926 per

144 1944 300 1969 manum
329 1932 490 1970 Roberti
527 1932 574 1969 de
611 1932 729 1970 Heill'
765 1932 1023 1970 archidiaconi
1055 1931 1301 1969 Huntindon'
1338 1930 1442 1981 apud
1475 1930 1600 1969 Oxon'

144 1985 369 2023 duodecimo
387 1985 462 2024 kal.
486 1985 721 2035 Septembris
739 1986 985 2036 pontificatus
1004 1986 1126 2024 nostri
1143 1998 1244 2024 anno
1263 1986 1334 2035 ij.

228 2081 278 2115 Ιω
307 2074 511 2116 ΜΑΗοΑε
538 2073 581 2110 in
608 2072 761 2111 ecclesia
792 2073 838 2110 de
868 2073 1016 2111 Biston.

225 2125 428 2164 Universis
443 2125 509 2164 &a
553 2126 717 2164 Noverit
729 2127 958 2164 universitas
972 2129 1098 2165 vestra
1109 2138 1179 2165 vos
1194 2126 1242 2164 de
1258 2138 1413 2164 assensu
1428 2124 1602 2174 Capituli

143 2179 266 2217 nostri
284 2179 391 2216 Linc’
412 2180 544 2218 divine
564 2180 718 2229 pietatis
737 2181 884 2218 intuitu
903 2181 1130 2218 concessisse
1148 2182 1188 2218 et
1210 2180 1358 2218 dedisse
1377 2182 1415 2217 et
1433 2179 1603 2229 presenti

145 2236 246 2271 carta
264 2236 395 2270 nostra
414 2234 654 2272 confirmasse
673 2234 823 2272 dilectis
838 2234 881 2271 in
896 2234 1051 2273 Christo
1069 2234 1160 2272 filiis
1179 2234 1304 2272 Priori
1323 2236 1361 2271 et
1381 2233 1602 2272 Conventui

145 2287 193 2324 de
211 2286 391 2336 Wirksop
412 2287 582 2325 decetero
597 2291 674 2325 tres
688 2301 830 2326 marcas
846 2301 991 2326 annuas
1005 2288 1048 2325 in
1063 2288 1219 2326 ecclesia
1233 2288 1281 2325 de
1293 2288 1431 2325 Biston
1445 2287 1601 2324 nomine

144 2341 319 2390 perpetui
346 2341 521 2378 beneficii
547 2342 830 2391 imperpetuum
857 2342 1131 2391 percipiendas
1152 2342 1200 2379 de
1227 2354 1303 2391 qua
1321 2341 1428 2391 prius
1446 2344 1600 2378 tantum

144 2407 262 2432 unam
269 2407 432 2432 marcam
443 2396 633 2445 percipere
644 2398 933 2434 consueverunt.
962 2396 1088 2434 Salvis
1094 2396 1136 2433 in
1147 2396 1325 2433 omnibus
1332 2394 1399 2434 &a
1425 2395 1475 2432 In
1483 2394 1550 2444 huj
1556 2407 1600 2432 us

145 2448 263 2497 igitur
280 2448 335 2485 rei
353 2449 468 2486 robur
487 2452 524 2487 et
543 2450 807 2487 testimonium
822 2450 990 2500 sigillum
1005 2453 1178 2488 nostrum
1194 2452 1231 2487 et
1246 2449 1415 2499 sigillum
1429 2448 1602 2498 Capituli

145 2502 266 2539 nostri
298 2502 404 2539 Linc'
438 2502 527 2540 huic
565 2503 704 2552 scripto
741 2506 833 2541 sunt
871 2504 1054 2553 apposita.
1112 2503 1201 2541 Hiis
1236 2503 1416 2541 Testibus
1453 2503 1599 2551 Rogero

145 2555 301 2592 Decano
321 2555 428 2593 Linc’
441 2570 452 2604 3
481 2557 699 2595 Reimundo
732 2557 864 2605 Leirc',
900 2557 1068 2595 Roberto
1100 2557 1141 2594 N
1143 2557 1329 2606 orhampt’
1333 2587 1344 2605 ,
1376 2556 1599 2594 Alexandro

146 2608 355 2656 Bedesord’,
378 2608 406 2646 J
408 2610 557 2648 ohanne
573 2610 708 2658 Oxon',
729 2611 898 2649 Roberto
922 2610 1056 2658 Hunt',
1077 2610 1352 2648 archidiaconis
1365 2624 1377 2658 3
1404 2610 1600 2659 Magistris

145 2662 191 2700 R.
213 2662 261 2699 de
280 2662 399 2701 Cestr'
419 2667 457 2700 et
475 2664 539 2702 W.
557 2664 605 2702 de
625 2665 750 2713 Well',
766 2665 914 2715 Rogero
933 2665 980 2702 de
1000 2664 1167 2702 Bristoll'
1184 2668 1221 2702 et
1235 2665 1381 2702 Thema
1395 2663 1600 2701 Fiskerton

146 2716 364 2765 capellanis,
393 2717 507 2754 Petro
536 2717 583 2755 de
617 2718 729 2756 Bath'
749 2718 880 2756 canon'
899 2719 1006 2756 Linc’
1019 2732 1030 2766 3
1059 2719 1254 2768 Magistris
1283 2719 1326 2756 R.
1359 2718 1406 2755 de
1435 2717 1598 2764 Grauel',

147 2769 210 2808 W.
233 2770 280 2808 de
300 2770 532 2820 Staueneby,
552 2772 598 2810 R.
621 2772 668 2810 de
687 2772 890 2822 Tingherst
906 2776 943 2810 et
963 2772 1159 2822 Stephano
1176 2772 1222 2810 de
1237 2772 1315 2810 Cic’
1335 2774 1372 2809 et
1391 2771 1485 2809 aliis.
1508 2769 1600 2808 Dat'

146 2836 214 2872 per
232 2836 390 2862 manum
409 2824 471 2863 W.
489 2825 536 2862 de
550 2825 703 2864 Tornac'
725 2824 803 2877 [fo.
827 2823 915 2878 24¹0]
935 2826 1194 2864 archidiaconi
1213 2826 1342 2865 Stowe
1361 2824 1464 2874 apud
1475 2824 1600 2862 Vetus

146 2877 348 2937 Templum
367 2878 541 2916 London’
561 2880 697 2928 quinto
724 2880 802 2918 kal.
831 2880 1067 2929 Septembris
1094 2880 1339 2930 pontificatus
1358 2879 1479 2917 nostri
1497 2890 1599 2916 anno

145 2935 214 2979 V]⁰·
