1844 3178
261 353 316 394 62
779 361 917 395 LIBER
947 360 1182 401 ANTIQUUS

344 471 595 507 ΒΕΒΟΗΑΜ,
649 459 804 498 Vinaria
825 460 869 498 in
890 460 1046 498 ecclesia
1069 459 1116 497 de
1136 458 1323 497 Bercham
1342 471 1417 508 que
1437 461 1494 498 est
1514 459 1722 498 eorundem

261 518 437 557 consistit
456 518 498 554 in
512 520 595 554 toto
613 514 793 562 altaragio
806 514 895 552 etin
911 514 1082 564 quinque
1101 513 1302 563 quartariis
1316 513 1502 551 frumenti
1518 514 1724 563 paccabilis

261 575 300 611 et
332 573 374 610 in
407 584 484 609 uno
513 569 705 620 quartario
736 568 841 605 ordei
871 568 1076 617 paccabilis
1115 570 1153 605 et
1180 567 1223 604 in
1260 580 1341 605 uno
1372 568 1564 617 quartario
1603 581 1723 606 avene

261 625 466 676 paccabilis
498 623 698 662 annuatim
721 622 768 659 de
797 622 910 660 dictis
936 622 1088 659 Abbate
1108 624 1146 659 et
1165 624 1359 659 conventu
1377 622 1655 671 percipiendis:
1685 625 1724 660 et

260 681 337 730 ipsi
373 679 507 717 Abbas
544 681 582 716 et
619 679 832 715 conventus
868 676 1128 726 procurabunt
1147 675 1365 724 hospicium
1392 675 1666 714 Archidiaconi
1684 679 1723 714 et

261 737 383 772 cetera
428 745 543 770 onera
588 731 631 768 in
675 733 904 780 perpetuum
949 729 1197 767 sustinebunt
1242 732 1368 778 preter
1414 729 1601 767 sinodalia
1649 742 1724 780 que

259 786 526 827 tantummodo
553 784 718 824 vicarius
737 784 860 822 solvet
879 784 1079 822 annuatim
1097 786 1134 821 et
1154 782 1414 833 providebunt
1433 783 1528 821 dicti
1546 784 1663 822 abbas
1684 787 1723 822 et

260 845 474 881 conventus
492 839 634 879 vicario
654 838 701 876 de
720 838 829 876 tofto.
889 838 940 876 Et
959 841 1016 876 est
1034 837 1176 876 vicaria
1194 837 1251 886 iiij
1273 849 1494 875 marcarum.

340 958 527 993 STQWA‚
581 946 737 985 vicaria
771 946 814 983 in
851 945 1009 984 ecclesia
1046 945 1094 983 de
1134 945 1264 984 Stowa
1299 957 1375 994 que
1412 948 1469 982 est
1517 945 1725 983 eorundem

260 1004 438 1042 consistit
451 1003 494 1040 in
507 1004 591 1040 tota
606 1001 738 1040 eadem
752 999 918 1048 ecclesia,
935 999 1120 1038 solvendo
1134 999 1226 1037 inde
1241 998 1442 1037 annuatim
1461 998 1574 1037 dictis
1593 999 1726 1038 abbati

261 1061 300 1096 et
327 1056 537 1095 conventui
564 1055 611 1093 de
639 1055 770 1092 Brune
797 1054 910 1104 xxiiij
940 1054 1094 1092 solidos.
1150 1053 1203 1091 Et
1230 1053 1312 1103 ipse
1334 1053 1500 1091 vicarius
1518 1053 1726 1092 sustinebit

261 1112 389 1150 omnia
409 1123 523 1149 onera
541 1110 585 1148 in
603 1111 842 1160 perpetuum.

343 1227 649 1262 enm-ESFELD,
723 1215 877 1254 Vicaria
917 1215 960 1253 in
1004 1215 1161 1254 ecclesia
1207 1215 1254 1253 de
1300 1214 1502 1253 Billesfeld
1547 1228 1623 1265 que
1669 1218 1726 1254 est

260 1273 469 1312 eorundem
487 1273 540 1310 sic
560 1274 617 1309 est
637 1270 822 1309 ordinata.
880 1269 1058 1307 Vicarius
1077 1269 1235 1307 habebit
1253 1270 1408 1307 nomine
1431 1269 1571 1308 vicarie
1598 1272 1724 1308 totum

260 1327 486 1378 altaragium
513 1329 551 1363 et
579 1325 653 1364 tria
680 1324 874 1375 quartaria
900 1324 1087 1362 frumenti
1110 1324 1314 1373 paccabilis
1344 1336 1466 1361 unum
1490 1325 1727 1373 quartarium

260 1382 366 1420 ordei
384 1380 588 1431 paccabilis
616 1383 655 1417 et
682 1391 805 1416 unum
832 1378 1068 1428 quartarium
1087 1391 1205 1416 avene
1224 1378 1429 1427 paccabilis
1448 1378 1650 1415 annuatim
1678 1379 1726 1416 de

261 1436 375 1474 dictis
403 1435 541 1473 abbate
561 1437 599 1471 et
618 1436 813 1471 conventu
831 1432 1100 1482 percipienda:
1126 1435 1166 1470 et
1192 1433 1269 1482 ipsi
1300 1432 1418 1470 abbas
1447 1435 1485 1469 et
1513 1435 1727 1470 conventus

261 1490 390 1528 omnia
410 1502 524 1527 onera
544 1487 772 1538 episcopalia
791 1490 829 1524 et
844 1486 1162 1524 archidiaconalia
1176 1487 1218 1524 in
1233 1489 1462 1536 perpetuum
1478 1486 1726 1524 sustinebunt

261 1547 300 1582 et
318 1543 578 1594 providebunt
597 1542 739 1581 vicario
759 1541 806 1579 de
827 1541 937 1579 tofto.
996 1541 1048 1578 Et
1075 1544 1133 1579 est
1151 1540 1293 1579 vicaria
1311 1540 1429 1578 trium
1448 1553 1660 1578 marcarum
1689 1544 1727 1579 et

262 1598 434 1637 dimidie.

346 1713 707 1749 xli-[JlNGl-{ol—M,
762 1703 918 1741 Vicaria
957 1702 1001 1740 in
1042 1702 1200 1740 ecclesia
1245 1702 1294 1740 de
1339 1701 1614 1753 Kiluingholm
1652 1715 1726 1753 que

262 1762 320 1799 est
351 1759 502 1798 abbatis
536 1762 575 1797 et
607 1760 820 1796 conventus
853 1757 900 1795 de
938 1756 1112 1795 Newhus
1147 1757 1321 1795 consistit
1354 1757 1398 1794 in
1429 1760 1511 1795 toto
1531 1756 1724 1806 altaragio,

262 1814 432 1864 exceptis
460 1812 619 1851 decimis
646 1824 831 1861 agnorum
850 1814 887 1849 et
905 1810 1003 1859 lane,
1025 1811 1178 1861 butyro,
1200 1809 1272 1863 [so.
1298 1809 1381 1863 182]
1402 1823 1519 1858 caseo,
1547 1814 1585 1848 et
1603 1811 1727 1861 primo

260 1868 397 1918 legato.
480 1867 533 1905 Et
569 1867 735 1905 vicarius
771 1866 894 1904 solvet
938 1865 1207 1903 tantummodo
1243 1864 1443 1915 synodalia
1479 1867 1517 1903 et
1552 1865 1728 1904 inveniet

260 1921 466 1961 luminaria
507 1924 545 1958 et
581 1920 656 1970 ipsi
701 1920 819 1958 abbas
865 1922 904 1957 et
949 1922 1162 1958 conventus
1207 1919 1466 1969 procurabunt
1510 1919 1728 1969 hospicium

261 1975 536 2015 Archidiaconi
564 1977 601 2012 et
629 1976 752 2012 cetera
788 1986 902 2011 onera
929 1976 1009 2011 tam
1046 1973 1236 2011 ordinaria
1274 1985 1390 2022 quam
1428 1973 1728 2011 extraordinaria

261 2031 305 2068 in
323 2033 552 2081 perpetuum
571 2029 819 2066 sustinebunt
847 2031 885 2066 et
912 2027 1173 2078 providebunt
1200 2027 1341 2066 vicario
1366 2027 1414 2065 de
1432 2027 1540 2066 tofto.
1599 2028 1651 2065 Et
1670 2030 1728 2065 est

262 2085 404 2124 vicaria
422 2085 462 2135 vj
485 2095 706 2122 marcarum.

346 2201 560 2235 ΗΑΒυΒΘ,
611 2190 766 2229 Vicaria
792 2190 836 2228 in
863 2189 1019 2228 ecclesia
1046 2189 1094 2227 de
1126 2188 1289 2239 Haburg
1315 2201 1390 2238 que
1427 2191 1484 2227 est
1521 2189 1729 2228 eorundem

263 2246 440 2285 consistit
475 2245 518 2282 in
554 2247 637 2283 toto
683 2245 865 2294 altaragio
911 2244 1081 2294 exceptis
1126 2243 1284 2281 decimis
1325 2243 1412 2281 lane
1450 2246 1488 2281 et
1523 2244 1728 2282 medietate

263 2301 497 2339 decimarum
516 2311 708 2349 agnorum.
767 2299 820 2336 Et
833 2298 909 2349 ipsi
928 2298 1062 2336 Abbas
1077 2300 1114 2336 et
1129 2299 1344 2336 conventus
1357 2297 1510 2336 solvent
1528 2298 1729 2347 synodalia

263 2358 302 2393 et
337 2353 598 2404 procurabunt
634 2353 851 2403 hospicium
887 2352 1161 2390 Archidiaconi
1193 2354 1231 2389 et
1263 2351 1392 2389 omnia
1425 2351 1499 2389 alia
1536 2364 1650 2390 onera
1686 2352 1730 2390 in

262 2411 491 2459 perpetuum
518 2407 775 2446 sustinebunt.
834 2406 1007 2445 Habebit
1043 2409 1173 2444 autem
1208 2406 1374 2444 vicarius
1409 2406 1554 2444 toftum
1581 2406 1625 2444 in
1651 2418 1728 2456 quo

263 2463 377 2501 modo
396 2461 547 2500 residet.
604 2461 657 2500 Et
675 2464 733 2500 est
751 2461 892 2500 vicaria
909 2461 953 2499 lx
972 2460 1192 2498 solidorum.

348 2579 603 2614 KlRM’TON.
673 2569 830 2608 Vicaria
884 2569 928 2606 in
984 2568 1140 2606 ecclesia
1196 2567 1244 2605 de
1300 2567 1506 2605 Kerm'ton
1551 2580 1625 2617 que
1672 2570 1729 2605 est

264 2624 472 2663 eorundem
508 2623 686 2661 consistit
721 2624 765 2661 in
800 2626 883 2661 toto
929 2622 1119 2671 altaragio,
1158 2621 1355 2659 reddendo
1392 2621 1486 2671 ipsis
1522 2621 1655 2659 abbati
1691 2624 1730 2659 et

264 2677 473 2717 conventui
506 2678 707 2715 annuatim
738 2691 795 2715 xx
828 2677 982 2724 solidos,
1016 2676 1161 2714 scilicet
1193 2676 1243 2713 ad
1274 2675 1417 2713 festum
1450 2674 1488 2713 S.
1524 2675 1668 2713 Botulfi
1701 2688 1729 2713 x

263 2732 417 2779 solidos,
453 2734 491 2769 et
523 2732 573 2769 ad
603 2731 745 2769 festum
785 2731 822 2770 S.
859 2731 1019 2769 Martini
1052 2743 1080 2767 x
1111 2730 1264 2768 solidos.
1324 2729 1376 2767 Et
1407 2729 1572 2767 vicarius
1605 2729 1729 2767 solvet

261 2785 531 2825 tantummodo
563 2785 773 2834 synodalia,
804 2788 842 2823 et
871 2785 966 2823 dicti
1001 2784 1119 2822 abbas
1147 2787 1185 2821 et
1222 2786 1434 2821 conventus
1470 2783 1730 2832 procurabunt
1766 2782 1771 2787 ”

263 2840 481 2890 hospicium
498 2839 782 2887 Archidiaconi,
805 2842 844 2877 et
871 2839 1000 2877 omnia
1027 2838 1103 2876 alia
1125 2850 1241 2875 onera
1259 2838 1302 2875 in
1321 2840 1549 2887 perpetuum
1568 2837 1730 2874 sustine-

263 2895 374 2932 bunt.
434 2893 608 2931 Habebit
635 2897 764 2931 autem
791 2893 957 2932 vicarius
984 2892 1129 2930 toftum
1156 2891 1353 2941 pertinens
1380 2891 1430 2928 ad
1458 2891 1665 2938 ecclesiam,
1685 2891 1729 2928 in

265 2961 342 2999 quo
360 2948 525 2987 vicarius
543 2947 658 2986 modo
677 2950 816 2986 manet.
874 2947 927 2986 Et
945 2950 1002 2986 est
1020 2946 1163 2986 vicaria
1180 2958 1206 2984 v
1224 2957 1446 2985 marcarum.
