1844 3178
207 323 290 363 104
726 332 864 368 LIBER
894 334 1130 376 ANTIQUUS

208 432 397 482 Magistro
423 431 469 470 R.
500 432 549 470 de
578 431 742 481 Grauel’,
763 432 809 471 R.
832 432 879 470 de
898 432 1140 483 Wassingeb'
1159 432 1365 483 capellano,
1393 433 1437 473 P.
1460 434 1508 473 de
1527 434 1669 484 Hung’,
1719 455 1724 460 ·

206 487 254 525 R.
277 487 325 524 de
345 486 509 533 Bohun'‚
531 489 570 524 et
587 487 632 524 P.
656 486 703 524 de
732 486 1001 525 Chevremont'
1022 487 1213 526 canonicis
1240 487 1360 535 Linc',
1381 491 1419 526 et
1440 488 1594 528 Olivero
1623 489 1671 526 de

207 539 356 579 Chedn'
389 540 532 579 clerico.
591 539 682 578 Dat'
711 553 778 590 per
804 553 962 579 manum
989 542 1135 579 Thome
1162 541 1209 579 de
1237 541 1452 579 Fiskerton⁷
1485 542 1671 593 capellani

206 595 382 633 canonici
414 594 521 632 Linc'
555 594 659 644 apud
691 594 800 633 Linc'
834 595 936 634 xvii⁰
967 595 1043 635 kal.
1074 595 1102 634 J
1103 595 1248 646 anuarij
1278 596 1523 646 pontificatus
1550 596 1672 635 nostri

208 661 311 687 anno
329 649 433 699 ijo·

279 769 583 851 Εξιιῖῗξιῖζηὲἑο.
661 811 827 851 Noverit
862 812 1094 852 universitas
1130 814 1257 851 vestra
1294 813 1400 864 quod
1436 826 1524 852 cum
1559 827 1672 853 causa

204 869 415 905 verteretur
434 878 559 904 coram
577 865 689 904 nobis
708 866 898 905 ordinaria
916 870 1105 916 potestate
1119 868 1435 917 cognoscentibus
1454 868 1556 906 inter
1570 869 1670 907 Rob.

206 921 254 958 de
273 919 447 958 Preston'
465 923 649 958 rectorem
668 920 824 958 ecclesie
843 921 890 959 de
909 920 1120 971 Tingwich'
1150 924 1315 960 actorem
1341 925 1380 960 et
1408 922 1604 960 Abbatem
1633 926 1672 961 et

205 974 419 1012 Monachos
450 973 488 1012 S.
525 974 714 1012 Katerine
742 978 850 1024 parte
877 975 933 1013 rei
960 976 1177 1025 fungentes,
1212 989 1326 1026 super
1356 989 1435 1014 uno
1463 989 1596 1015 manso
1633 980 1672 1015 et

204 1028 354 1066 duabus
372 1028 530 1078 virgatis
549 1031 648 1066 terre
664 1041 738 1078 que
757 1029 862 1067 idem
881 1029 978 1067 Rob.
995 1030 1044 1067 ad
1059 1030 1254 1068 ecclesiam
1273 1043 1382 1068 suam
1397 1030 1445 1068 de
1461 1030 1671 1081 Tingwich'

203 1082 252 1120 ab
271 1083 432 1132 antiquo
452 1082 499 1120 de
527 1082 615 1132 jure
646 1083 836 1132 pertinere
866 1083 1019 1122 dicebat
1051 1086 1090 1122 et
1123 1097 1236 1134 super
1263 1084 1420 1122 decimis
1444 1084 1492 1122 ab
1511 1085 1670 1134 antiquo

204 1136 396 1174 dominico
416 1136 606 1175 dictorum
625 1137 791 1175 Abbatis
811 1140 848 1176 et
869 1137 1159 1176 Monachorum.
1217 1138 1320 1176 Item
1347 1151 1461 1188 super
1488 1139 1672 1188 pensione

203 1191 324 1228 trium
355 1204 566 1229 marcarum
599 1191 812 1229 secundum
844 1192 1017 1241 ejusdem
1053 1191 1215 1230 Roberti
1251 1193 1502 1231 assercionem
1541 1196 1673 1231 contra

205 1245 371 1284 Concilii
404 1245 585 1283 Laterani
618 1248 763 1283 statuta
795 1245 950 1284 ecclesie
972 1246 1019 1284 de
1039 1245 1251 1296 Tingwich'
1270 1247 1460 1297 imposita.
1500 1247 1672 1285 Tandem

204 1312 293 1337 cum
322 1311 444 1348 usque
478 1299 527 1337 ad
559 1299 813 1339 diffinitivum
841 1300 921 1338 fere
949 1300 1138 1338 calculum
1164 1301 1208 1338 in
1236 1301 1369 1339 eadem
1396 1313 1509 1339 causa
1535 1301 1672 1339 fuisset

203 1366 434 1403 processum,
468 1357 599 1392 nostra
630 1354 913 1392 interveniente
945 1355 1170 1392 auctoritate
1203 1358 1307 1393 mota
1339 1368 1452 1405 super
1478 1356 1672 1405 premissis

204 1408 462 1446 controversia
493 1408 596 1446 inter
633 1421 696 1446 eos
733 1409 987 1446 amicabiliter
1023 1409 1245 1458 conquievit
1281 1409 1324 1447 in
1360 1409 1465 1447 hunc
1500 1409 1671 1457 modum,

204 1462 385 1500 videlicet
423 1462 526 1512 quod
558 1461 693 1500 Abbas
725 1465 764 1500 et
796 1462 981 1501 Monachi
1011 1463 1048 1502 S.
1071 1463 1259 1501 Katerine
1285 1464 1508 1502 retinebunt
1537 1464 1674 1514 imper-

203 1520 366 1566 petuum
398 1516 565 1554 decimas
597 1516 645 1554 de
676 1517 836 1567 antiquo
870 1517 1062 1555 dominico
1095 1530 1163 1555 suo
1196 1517 1296 1555 sicut
1332 1518 1381 1556 ab
1413 1518 1572 1567 antiquo
1611 1530 1673 1556 eas

206 1574 470 1620 perceperunt,
491 1574 528 1608 et
548 1571 761 1620 percipient
780 1571 958 1609 similiter
977 1571 1025 1609 de
1044 1571 1200 1609 ecclesia
1219 1572 1267 1609 de
1288 1572 1497 1622 Tingwich'
1517 1572 1674 1610 nomine

206 1625 384 1675 perpetui
422 1625 599 1662 beneficii
637 1630 719 1663 une
748 1625 891 1663 solidos
923 1626 1124 1663 annuatim
1156 1626 1198 1663 in
1226 1626 1324 1664 festo
1357 1626 1573 1664 Pentecost'
1609 1639 1678 1676 per

207 1691 365 1716 manum
402 1679 498 1716 dicti
536 1679 697 1717 Roberti
735 1682 773 1717 et
811 1692 1068 1717 successorum
1106 1680 1189 1729 ejus
1216 1680 1474 1718 numerandos
1506 1683 1677 1718 cessante

206 1733 491 1783 imperpetuum
520 1733 719 1779 exactione
746 1733 865 1771 trium
892 1746 1114 1772 marcarum.
1172 1734 1283 1772 Idem
1307 1747 1397 1772 vero
1417 1734 1609 1772 Robertus
1637 1737 1676 1772 et

208 1800 440 1825 successores
452 1788 535 1836 ejus
547 1787 746 1825 habebunt
759 1791 797 1825 et
808 1788 998 1826 tenebunt
1012 1788 1130 1826 libere
1145 1791 1183 1826 et
1197 1789 1326 1837 quiete
1337 1791 1534 1838 tamquam
1546 1789 1677 1826 dotem

208 1841 364 1879 ecclesie
383 1854 561 1879 mansum
579 1844 833 1880 memoratum
860 1855 948 1879 cum
976 1842 1126 1880 duabus
1153 1842 1312 1892 virgatis
1340 1845 1438 1880 terre
1466 1843 1514 1880 de
1534 1843 1675 1892 quibus

209 1908 323 1945 supra
355 1895 516 1933 fecimus
549 1896 797 1934 mencionem.
858 1896 985 1935 Salvis
1017 1896 1059 1933 in
1090 1896 1268 1934 omnibus
1294 1896 1571 1946 episcopalibus
1591 1910 1677 1935 con-

208 1949 480 1988 suetudinibus
514 1951 581 1989 &a
640 1950 699 1988 Ut
735 1953 864 1988 autem
899 1951 975 1988 ista
1011 1950 1240 2000 composicio
1276 1954 1461 2000 perpetua
1496 1951 1677 1989 firmitate

209 2005 358 2042 nitatur
378 2017 460 2042 eam
478 2005 650 2054 presenti
668 2004 809 2053 scripto
836 2017 923 2042 cum
943 2004 1060 2054 sigilli
1078 2005 1201 2042 nostri
1223 2005 1466 2054 apposicione
1494 2005 1677 2043 duximus

209 2059 473 2097 roborandam.
533 2058 623 2096 Hiis
650 2058 829 2096 Testibus
857 2059 1044 2108 Magistro
1073 2059 1136 2097 W.
1169 2059 1216 2097 (16
1244 2058 1352 2097 Linc’
1373 2062 1410 2097 et
1429 2059 1472 2097 P.
1496 2059 1543 2096 de
1562 2059 1676 2097 Bath'

210 2113 403 2150 canonicis
431 2112 552 2160 Linc’,
581 2113 628 2151 R.
661 2113 708 2150 de
727 2113 850 2151 Warr'
871 2113 1053 2151 canonico
1082 2112 1210 2160 Well',
1232 2113 1386 2162 Magist'
1407 2113 1469 2152 W.
1493 2113 1540 2151 de
1564 2113 1675 2152 Cant’

210 2170 247 2205 et
267 2167 314 2205 A.
337 2167 385 2204 de
412 2166 559 2216 Buged‘
579 2169 618 2204 et
645 2166 691 2206 R.
714 2166 762 2205 de
784 2167 1017 2217 Tinghurst',
1039 2167 1104 2205 W.
1126 2167 1174 2204 de
1201 2167 1371 2215 Winch',
1392 2167 1440 2206 R.
1470 2167 1517 2205 de
1547 2167 1617 2205 Ox'
1638 2170 1677 2205 et

213 2221 258 2259 O.
295 2221 343 2259 de
376 2220 525 2262 Chedn'
559 2221 714 2259 clericis.
771 2220 863 2259 Dat'
899 2234 966 2271 per
1002 2234 1159 2261 manum
1196 2221 1342 2260 Thome
1379 2221 1427 2259 de
1462 2219 1677 2260 Fiskerton'

212 2275 400 2326 capellani
419 2275 594 2314 canonici
611 2275 719 2314 Linc'
739 2275 843 2326 apud
860 2275 995 2314 Tham'
1013 2276 1041 2325 ij
1062 2275 1138 2314 kal'
1157 2275 1254 2326 Maij
1284 2276 1530 2326 pontificatus
1557 2275 1678 2314 nostri

210 2342 311 2368 anno
330 2330 434 2380 xij.

292 2452 596 2487 BLETTESHO.

295 2496 486 2534 Omnibus
505 2496 572 2534 &a
622 2495 787 2534 Noverit
805 2495 1035 2534 universitas
1054 2498 1180 2535 vestra
1195 2496 1298 2546 quod
1317 2509 1389 2534 nos
1408 2496 1456 2535 de
1470 2509 1625 2535 assensu
1639 2499 1678 2535 et

212 2549 414 2588 voluntate
444 2550 605 2588 Roberti
635 2550 684 2588 de
713 2551 816 2600 Bray
849 2553 887 2588 et
918 2549 1082 2588 Walteri
1112 2550 1159 2588 (16
1187 2550 1403 2588 Patteshill’
1431 2554 1678 2600 patronorum

214 2604 368 2642 ecclesie
383 2604 431 2642 de
451 2604 686 2643 Blecchesho
705 2608 743 2642 et
757 2605 921 2642 Martini
936 2604 982 2642 de
997 2604 1195 2642 Pateshill'
1210 2605 1333 2654 ipsius
1347 2605 1501 2643 ecclesie
1518 2618 1678 2655 persone

212 2662 377 2708 quatuor
395 2671 539 2696 marcas
558 2659 706 2708 argenti
724 2659 911 2708 Magistro
931 2662 969 2697 et
988 2658 1171 2696 fratribus
1189 2658 1392 2709 hospitalis
1418 2659 1456 2698 S.
1478 2659 1678 2697 Trinitatis

213 2716 322 2750 extra
353 2713 394 2751 N
396 2712 637 2762 orhampton'
670 2714 870 2751 annuatim
903 2713 951 2750 de
982 2713 1153 2762 predicta
1185 2714 1340 2751 ecclesia
1368 2714 1416 2751 de
1443 2713 1677 2751 Blecchesho

213 2767 370 2805 nomine
389 2767 565 2816 perpetui
583 2767 759 2805 beneficii
777 2767 1041 2817 percipiendas
1059 2780 1127 2817 per
1144 2780 1302 2805 manum
1322 2767 1495 2817 ejusdem
1514 2767 1678 2805 Martini

215 2823 254 2858 et
275 2833 532 2859 successorum
551 2834 706 2859 suorum
724 2822 846 2871 ipsius
865 2821 1020 2859 ecclesie
1038 2834 1285 2871 personarum
1312 2822 1362 2859 ad
1380 2822 1476 2859 duos
1494 2821 1678 2859 terminos

215 2875 360 2914 scilicet
393 2875 444 2913 ad
475 2875 663 2914 Pascham
696 2875 791 2914 duas
823 2888 967 2914 marcas
995 2878 1034 2914 et
1063 2875 1113 2913 ad
1139 2876 1280 2914 festum
1301 2875 1339 2915 S.
1362 2875 1564 2914 Michaelis
1583 2875 1678 2913 duas
