1844 3178
712 357 919 392 Herms
949 358 1111 393 wELLs
1215 339 1219 342 ’
1587 352 1642 396 97

185 459 312 496 totum
323 456 548 506 altaragium
561 455 666 494 illius
681 455 835 495 ecclesie
852 455 999 506 integre
1012 457 1223 496 remanebit
1239 457 1292 495 eis
1308 457 1375 507 qui
1388 470 1456 507 pro
1471 462 1640 512 tempore

185 523 345 562 persone
381 511 524 549 fuerint
559 511 603 548 in
639 510 771 548 eadem
806 512 845 547 et
875 510 1048 548 valencia
1079 511 1295 549 medietatis
1327 512 1448 561 ipsius
1467 513 1639 566 altaragii

186 565 535 614 recompensabitur
553 564 667 602 dictis
685 563 813 602 Priori
831 566 869 601 et
890 563 1111 603 Conventui
1129 565 1171 602 in
1189 565 1414 615 subscriptis
1435 567 1579 607 scilicet
1599 571 1641 608 in

185 619 365 657 omnibus
386 618 542 656 decimis
560 618 760 668 garbarum
780 617 826 655 de
844 617 914 667 xiij
935 618 1086 657 bovatis
1104 621 1202 657 terre
1230 632 1325 668 quas
1351 620 1427 669 ipsi
1456 620 1641 662 Canonici

182 675 317 710 tenent
344 675 388 710 ut
415 672 628 721 predictum
656 674 713 710 est
740 672 782 709 in
810 671 1044 721 Bernetteby
1063 675 1101 710 et
1127 673 1169 710 in
1195 673 1351 711 decimis
1370 674 1569 723 garbarum
1590 678 1637 715 de

182 724 288 775 viijt0
317 726 468 764 bovatis
498 728 596 763 terre
628 737 722 775 quas
754 725 881 763 Adam
900 725 947 763 de
965 725 1105 763 Thorn'
1124 729 1240 764 tenet.
1299 727 1400 765 Item
1418 727 1461 765 in
1480 729 1638 769 decimis

181 779 382 829 garbarum
413 779 461 817 de
493 779 562 828 xiij
583 779 734 817 bovatis
764 782 862 817 terre
889 791 983 828 quas
1002 779 1192 817 Henricus
1219 780 1322 818 filius
1341 780 1505 820 Walteri
1530 786 1636 822 tenet

181 836 341 883 excepta
359 845 436 870 una
448 833 588 872 bovata
602 836 699 871 terre
714 845 829 882 quam
843 832 1078 871 Willielmus
1096 833 1148 872 fil'
1164 834 1307 872 Wulst’
1321 837 1426 873 tenet
1442 835 1489 874 de
1504 837 1636 875 eadem

182 887 361 925 Henrico.
436 887 498 924 De
529 886 670 935 quibus
701 886 879 924 omnibus
909 887 1061 925 bovatis
1093 890 1189 925 terre
1220 891 1461 938 preterquam
1488 890 1536 928 de
1567 891 1635 929 illa

179 940 320 979 bovata
338 953 455 989 quam
473 940 708 978 Willielmus
725 940 776 977 fil’
795 939 939 978 Wulst'
957 942 1064 978 tenet
1082 943 1126 979 ut
1143 941 1359 990 predictum
1377 945 1434 980 est
1453 945 1638 993 sepedicti

180 993 290 1031 Prior
327 992 398 1046 [et]
437 993 662 1032 Conventus
698 993 863 1031 decimas
899 994 1099 1043 garbarum
1129 999 1313 1044 perpetuo
1349 997 1561 1047 percipient
1598 1003 1636 1037 et

180 1051 348 1098 preterea
381 1060 513 1085 omnes
538 1047 632 1085 alias
651 1047 815 1085 decimas
847 1047 1047 1097 garbarum
1075 1055 1113 1086 et
1131 1052 1248 1087 terras
1267 1052 1305 1088 et
1325 1050 1425 1088 tofta
1443 1051 1492 1089 ad
1510 1053 1634 1101 ipsam

179 1101 377 1139 ecclesiam
403 1101 639 1151 pertinencia
665 1104 790 1151 preter
816 1101 1066 1151 principalem
1093 1115 1269 1140 mansum
1295 1116 1480 1153 persone:
1516 1106 1635 1144 iidem

179 1154 290 1193 Prior
308 1157 346 1192 et
365 1154 590 1194 Conventus
608 1158 646 1193 et
664 1167 822 1204 persone
840 1155 1016 1205 predecte
1040 1155 1195 1194 ecclesie
1222 1157 1270 1195 de
1298 1157 1533 1209 Bernetteby
1560 1173 1635 1209 que

178 1221 248 1258 pro
275 1211 445 1258 tempore
471 1208 617 1246 fuerint
638 1209 740 1246 inter
761 1222 801 1247 se
828 1209 1012 1258 equaliter
1030 1209 1300 1248 dimidiabunt.
1357 1211 1408 1250 Et
1425 1212 1501 1262 ipsi
1526 1213 1637 1252 Prior

179 1265 218 1300 et
238 1262 462 1301 Conventus
480 1262 660 1312 quociens
678 1263 801 1312 ipsam
819 1263 1063 1301 medietatem
1082 1276 1156 1313 que
1175 1264 1269 1314 ipsis
1288 1265 1460 1313 ejusdem
1479 1267 1634 1305 ecclesie

178 1316 390 1354 remanebit
408 1329 540 1355 vacare
555 1316 755 1366 contigerit
769 1329 968 1366 personam
981 1317 1159 1355 idoneam
1173 1318 1285 1356 nobis
1301 1321 1338 1356 et
1357 1322 1636 1359 successoribus

178 1370 319 1408 nostris
337 1370 612 1420 presentabunt
630 1370 909 1408 instituendam
928 1373 967 1408 et
980 1371 1280 1409 ministraturam
1293 1372 1336 1410 in
1351 1373 1492 1413 eadem.
1551 1375 1634 1423 Que

179 1424 298 1462 eciam
317 1425 445 1462 omnia
463 1437 577 1462 onera
594 1424 715 1473 ipsius
733 1424 887 1462 ecclesie
907 1424 1095 1463 ordinaria
1116 1425 1333 1464 sustinebit.
1392 1426 1469 1465 Sed
1488 1428 1521 1465 si
1540 1429 1636 1478 quid

178 1478 370 1516 emerserit
388 1478 729 1516 extraordinarium
746 1478 866 1515 iidem
892 1478 1002 1516 Prior
1029 1481 1067 1516 et
1104 1479 1327 1518 Conventus
1354 1480 1445 1518 inde
1473 1488 1540 1531 pro
1569 1495 1638 1520 sua

178 1532 383 1570 medietate
394 1531 771 1582 proporcionabiliter
781 1532 1076 1581 respondebunt.
1122 1532 1399 1572 Concesserunt
1412 1535 1530 1573 eciam
1543 1536 1638 1574 dicti

178 1586 289 1624 Prior
307 1589 345 1624 et
364 1586 589 1625 Conventus
608 1586 711 1635 quod
729 1586 762 1623 si
780 1584 875 1634 quid
892 1585 935 1622 in
953 1586 1164 1635 privilegiis
1183 1599 1250 1624 seu
1278 1588 1636 1628 confirmacionibus

179 1641 274 1690 ipsis
292 1640 418 1678 Priori
437 1643 475 1678 et
496 1639 718 1679 Conventui
734 1639 899 1676 indultis
920 1651 1034 1689 super
1058 1640 1142 1689 ipsa
1170 1641 1327 1679 ecclesia
1357 1642 1421 1680 vel
1452 1645 1637 1692 pensione

179 1695 302 1744 ipsius
321 1697 547 1743 conceptum
566 1693 682 1731 fuerit
701 1696 832 1730 contra
849 1693 963 1730 istam
983 1693 1265 1732 ordinacionem
1292 1698 1462 1734 nostram
1491 1701 1529 1735 et
1556 1711 1637 1747 pre-

181 1749 372 1787 dictorum
403 1748 552 1786 Decani
583 1751 622 1785 et
655 1745 825 1796 Capituli
856 1747 978 1785 nostri
1009 1747 1156 1785 nullam
1183 1748 1404 1787 firmitatem
1431 1752 1635 1800 optinebit.

182 1805 241 1843 Ut
273 1806 402 1842 autem
440 1814 594 1852 presens
634 1801 826 1839 ordinacio
855 1804 938 1838 rata
974 1801 1259 1851 imperpetuum
1296 1809 1516 1852 permaneat
1554 1819 1639 1844 eam

184 1858 355 1908 presenti
400 1856 542 1905 scripto
589 1857 626 1893 et
672 1854 790 1904 sigilli
830 1855 952 1892 nostri
990 1856 1231 1904 apposicione
1272 1869 1350 1895 una
1391 1871 1477 1896 611111
1511 1860 1637 1909 sigillo

182 1911 346 1962 predicti
391 1909 564 1960 Capituli
609 1909 730 1946 nostri
774 1907 883 1946 Linc’
928 1908 1111 1946 duximus
1162 1910 1424 1950 roborandam.
1512 1913 1640 1952 Salvis

180 1967 224 2004 in
263 1964 442 2003 omnibus
479 1963 546 2001 &c.
620 1962 800 2000 Testibus
837 1962 984 2012 Rogero
1020 1962 1188 2008 Decano,
1227 1964 1440 2003 Willielmo
1477 1966 1635 2007 Archid.

180 2020 301 2067 Linc’,
331 2018 377 2057 G.
408 2018 645 2064 Precentore,
674 2016 821 2065 Rogero
843 2015 1091 2064 Cancellario,
1112 2017 1157 2056 G.
1179 2017 1438 2068 (thesaurario,
1458 2020 1486 2058 J
1488 2021 1639 2060 ohanne

181 2073 423 2120 Subdecano,
456 2070 674 2110 Reimundo
706 2069 837 2117 Leirc',
876 2070 972 2109 Rob.
1008 2070 1266 2120 Huntindon'‚
1307 2073 1472 2123 Hugone
1510 2074 1639 2114 Stowe

181 2126 468 2174 archidiaconis,
497 2124 693 2175 Magistris
711 2123 923 2161 Willielmo
942 2123 990 2162 de
1007 2124 1182 2173 Barden',
1209 2126 1378 2164 Roberto
1407 2127 1454 2166 de
1473 2127 1636 2177 Grauel',

181 2182 246 2220 W.
268 2181 316 2219 de
337 2179 457 2228 Linc’,
477 2181 516 2217 et
534 2178 707 2217 Waltero
727 2178 774 2215 de
793 2177 909 2216 Well'
936 2180 975 2216 et
1002 2177 1085 2216 aliis
1113 2182 1158 2217 ut
1184 2191 1298 2229 supra
1325 2183 1426 2219 carta
1452 2183 1636 2231 proxima.

180 2235 272 2274 Dat’
291 2248 358 2285 per
379 2245 536 2272 manum
563 2232 671 2271 Petri
697 2232 746 2269 de
773 2231 886 2269 Bath’
914 2232 1088 2270 canonici
1114 2233 1223 2271 Linc'
1250 2234 1294 2271 in
1322 2234 1502 2285 Capitulo
1530 2237 1640 2275 Linc'

181 2290 285 2337 apud
303 2289 410 2328 Linc'
430 2288 546 2327 Nono
564 2286 640 2325 kal.
663 2285 840 2325 Octobris
857 2285 965 2335 pont'
983 2287 1105 2324 nostri
1123 2300 1225 2325 anno
1244 2288 1403 2327 decimo.

262 2406 510 2441 ΜεῡιετΑε
529 2394 674 2433 ecclesie
692 2394 738 2432 de
756 2393 984 2432 Pateshulle.

262 2451 465 2490 Universis
497 2450 560 2487 816.
614 2448 780 2487 Noverit
811 2447 1039 2486 universitas
1071 2449 1196 2486 vestra
1226 2460 1297 2486 nos
1329 2448 1377 2487 de
1408 2463 1565 2490 assensu
1597 2455 1636 2491 et

179 2506 379 2546 voluntate
397 2504 623 2543 dilectorum
640 2502 805 2540 filiorum
824 2502 963 2551 Rogeri
977 2501 1126 2540 Decani
1145 2505 1182 2540 et
1202 2502 1373 2552 Capituli
1391 2506 1512 2543 nostri
1527 2506 1636 2544 Linc'

181 2561 330 2599 dedisse
352 2561 391 2596 et
418 2557 645 2596 concessisse
673 2556 823 2594 dilectis
849 2556 892 2593 in
913 2555 1068 2593 Christo
1094 2555 1184 2594 filiis
1204 2557 1328 2594 Priori
1355 2560 1394 2596 et
1414 2558 1634 2598 Conventui

181 2615 229 2653 de
248 2611 439 2662 Dunstap'
458 2624 628 2650 annuum
648 2613 802 2649 centum
830 2609 1037 2647 solidorum
1063 2610 1257 2648 redditum
1284 2611 1326 2648 in
1345 2611 1411 2649 illa
1430 2613 1635 2652 medietate

180 2667 334 2707 ecclesie
362 2667 409 2704 de
427 2664 625 2704 Pateshill’
644 2677 760 2714 quam
777 2664 948 2713 Rogerus
975 2663 1023 2702 de
1041 2663 1301 2702 Luttreworth
1329 2667 1456 2704 tenuit
1480 2667 1522 2704 in
1541 2681 1633 2706 usus

179 2722 351 2773 proprios
368 2721 538 2770 ipsorum
555 2719 823 2757 canonicorum
844 2717 999 2755 nomine
1025 2718 1200 2767 perpetui
1218 2718 1394 2757 beneficii
1412 2725 1634 2759 converten-

179 2776 284 2814 dum.
342 2774 425 2823 Que
444 2773 619 2812 consistit
637 2772 678 2810 in
697 2772 853 2810 decimis
872 2771 978 2809 bladi
997 2774 1035 2809 et
1052 2771 1095 2808 in
1113 2771 1268 2810 redditu
1285 2771 1405 2822 vjjtem
1423 2774 1632 2813 solidorum

181 2830 229 2868 de
257 2828 420 2870 Cotariis
447 2826 669 2867 tenentibus
697 2826 744 2865 de
772 2825 927 2864 ecclesia
958 2826 1281 2875 proveniencium.
1339 2826 1452 2866 Salva
1479 2828 1518 2866 N
1520 2829 1634 2879 igello

900 2912 930 2945 G
