1844 3178
724 331 933 365 HUGONIS
963 331 1130 365 WELLS.
1574 321 1655 362 105

203 442 348 469 marcas
374 442 442 480 per
467 429 589 468 felicis
615 429 890 468 recordacionis
917 429 981 468 W.
1002 428 1303 479 predecessorem
1323 430 1497 472 nostrum
1515 430 1658 469 eisdem

203 484 386 522 fratribus
413 485 651 522 confirmatas
679 486 717 522 et
738 486 904 533 preterea
926 483 1020 521 duas
1039 496 1141 521 acras
1158 482 1264 520 bosci
1282 481 1323 519 in
1344 482 1457 520 bosco
1477 484 1524 521 (16
1544 485 1659 523 Over-

202 537 331 586 heya:
371 538 515 576 scilicet
546 538 634 576 illas
665 550 739 587 que
770 540 862 575 sunt
898 537 1187 587 propinquiores
1221 535 1334 574 Curie
1367 536 1527 575 Roberti
1557 539 1659 588 Page

203 591 400 629 Heremite
437 595 476 629 et
521 594 647 629 totum
684 591 971 629 heremitorium
1016 603 1102 628 cum
1146 589 1393 640 pertinenciis
1430 591 1533 639 quod
1577 592 1659 641 ipse

202 644 393 683 Robertus
408 645 591 683 heremita
609 646 736 683 tenuit
756 658 842 683 cum
860 647 942 682 tota
960 644 1082 694 placia
1095 648 1183 682 ante
1198 646 1345 694 portam
1358 643 1480 693 ipsius
1499 644 1661 683 Roberti

202 697 272 735 ubi
292 698 459 748 Grangia
490 699 649 737 Henrici
680 698 732 736 fil'
751 698 858 736 Petri
890 698 964 736 sita
995 698 1071 735 fuit
1104 700 1143 735 et
1171 710 1300 735 omnes
1319 696 1412 735 alias
1430 699 1547 736 terras
1566 711 1661 748 quas

202 751 321 789 iidem
335 752 520 801 Magister
535 755 573 790 et
584 753 717 790 fratres
729 752 874 790 habent
885 752 926 789 in
939 751 1145 790 elemosina
1155 751 1198 788 in
1212 750 1354 800 campis
1366 751 1413 789 de
1427 751 1660 790 Blecchesho

204 805 252 843 (16
272 805 373 843 (10110
391 806 596 844 liberorum
614 806 815 844 hominum
833 805 955 855 ipsius
969 805 1071 844 ville.
1122 805 1276 844 Scilicet
1293 804 1341 842 de
1360 804 1461 843 dono
1482 805 1660 855 Hugonis

203 859 348 908 Pipard
368 859 462 897 duas
482 873 595 906 acras,
617 860 664 898 de
684 860 785 897 dono
812 859 1001 909 Stephani
1018 859 1071 896 ffl’
1091 858 1252 896 Roberti
1278 858 1448 908 quinque
1469 872 1583 906 acraS‚
1613 859 1661 897 de

203 912 304 950 dono
338 913 544 951 Willielmi
563 914 634 963 Sly
649 912 694 965 (2)
707 916 792 951 octo
819 926 932 960 acras,
964 913 1011 950 de
1039 912 1140 951 dono
1169 912 1344 951 Gervasii
1362 912 1410 950 de
1428 913 1661 951 Blecchesho

203 978 319 1004 unam
339 979 474 1014 acram,
496 967 543 1005 (16
562 967 663 1005 (10110
685 967 887 1004 Willielmi
907 967 1032 1017 Pepin
1050 970 1126 1004 tres
1145 979 1259 1013 acraS‚
1280 966 1329 1003 (16
1356 966 1458 1004 dono
1483 967 1662 1016 Hugonis

203 1019 377 1058 Trunket
409 1021 611 1059 tresdecim
642 1034 745 1059 acras
775 1024 813 1058 et
847 1033 963 1058 unam
997 1020 1139 1068 rodam,
1160 1023 1199 1058 et
1227 1020 1273 1057 de
1302 1020 1403 1057 dono
1422 1020 1583 1058 Roberti
1609 1020 1661 1058 ffl'

203 1073 382 1123 Hugonis
413 1087 531 1112 unam
563 1088 697 1121 acram,
718 1075 831 1112 dictis
863 1074 1059 1123 Magistris
1087 1077 1125 1111 et
1152 1074 1334 1112 fratribus
1354 1074 1453 1111 sicut
1472 1087 1515 1111 ea
1536 1074 1663 1112 omnia

203 1140 271 1177 per
303 1129 582 1166 concessionem
615 1129 776 1166 Roberti
807 1128 855 1165 de
883 1129 984 1178 Brey
1003 1131 1041 1165 et
1060 1127 1225 1165 Walteri
1252 1128 1300 1165 de
1328 1127 1542 1165 Patteshill’
1557 1129 1664 1177 juste

204 1181 334 1231 adepti
352 1185 443 1219 sunt
462 1182 685 1220 auctoritate
704 1182 908 1231 episcopali
928 1182 1204 1220 confirmamus.
1265 1181 1391 1220 Salvis
1413 1182 1456 1219 in
1484 1182 1664 1219 omnibus

204 1235 481 1285 episcopalibus
518 1236 862 1274 consuetudinibus
896 1235 962 1274 &a
1021 1235 1135 1283 Quod
1168 1238 1212 1273 ut
1239 1238 1463 1285 perpetuam
1491 1236 1664 1285 optineat

203 1289 424 1327 firmitatem
443 1290 611 1339 presenti
628 1291 769 1339 scripto
788 1289 956 1339 sigillum
978 1293 1151 1327 nostrum
1179 1289 1362 1327 duximus
1380 1289 1662 1339 apponendum.

204 1343 294 1380 Hiis
329 1344 508 1381 Testibus
553 1343 617 1382 W.
657 1343 922 1381 archidiacono
968 1343 1089 1390 Linc',
1127 1343 1173 1382 R.
1207 1343 1487 1381 Archidiacono
1525 1343 1662 1390 Hunt',

204 1396 401 1446 Magistris
433 1397 629 1448 Stephano
662 1398 710 1436 de
744 1397 835 1445 Cic',
855 1397 918 1435 W.
949 1396 996 1435 (16
1027 1396 1148 1445 Linc',
1168 1399 1206 1435 et
1235 1397 1299 1436 W.
1321 1397 1369 1435 de
1397 1396 1511 1436 Well'
1532 1395 1664 1435 canon'

204 1450 324 1489 Linc'.

829 1502 913 1557 [Fo.
937 1502 1037 1557 32¹0}

635 1573 719 1599 From
731 1573 790 1599 this
801 1574 832 1599 to
842 1574 892 1599 the
903 1574 957 1599 end
968 1574 993 1599 is
1001 1573 1031 1599 in
1044 1581 1061 1599 a
1072 1573 1146 1599 later
1156 1573 1242 1600 hand.

288 1633 649 1668 ΑΡΡΒΟΡΒΙΑΟΙΟ
676 1625 818 1663 Veteris
836 1625 997 1673 Lafford
1015 1628 1051 1662 et
1069 1623 1307 1673 Ryskenton'.

288 1678 491 1716 Universis
519 1681 647 1715 sancte
671 1679 804 1716 matris
831 1679 988 1716 ecclesie
1014 1678 1106 1716 filiis
1133 1678 1183 1716 ad
1210 1691 1305 1727 quos
1333 1680 1527 1728 presentes
1558 1678 1667 1716 litere

209 1732 463 1782 pervenerint,
485 1731 672 1770 Ricardus
694 1733 939 1770 miseracione
969 1732 1103 1770 divina
1130 1731 1238 1770 Linc'
1265 1732 1478 1782 Episcopus
1506 1732 1668 1770 salutem

209 1787 251 1824 in
270 1786 404 1823 salutis
422 1789 584 1824 auctore.
641 1786 751 1824 Licet
770 1799 818 1824 ex
836 1787 1012 1835 injuncto
1030 1786 1143 1824 nobis
1162 1785 1285 1824 officio
1305 1786 1542 1836 singulorum
1557 1787 1668 1824 nobis

209 1840 452 1878 subditorum
479 1852 606 1877 curam
635 1843 673 1878 et
700 1840 998 1878 sollicitudinem
1027 1853 1153 1890 gerere
1181 1840 1387 1878 debeamus
1415 1843 1452 1878 et
1481 1843 1669 1890 quantum

210 1906 412 1944 possumus
430 1894 576 1943 operari
593 1893 741 1931 bonum
766 1894 815 1932 ad
842 1906 973 1932 omnes
992 1894 1039 1932 de
1057 1894 1212 1932 illorum
1230 1897 1315 1931 tum
1332 1894 1550 1944 provisione
1569 1894 1670 1932 solli-

212 1948 332 1986 cionis
362 1946 448 1999 (sic)
478 1948 640 1997 cogitare
667 1951 843 1986 tenemur
870 1961 990 1997 quum
1015 1948 1063 1985 de
1085 1951 1214 1986 nostro
1233 1951 1438 1998 patronatu
1463 1948 1670 1986 existentes

212 2002 420 2039 domestica
447 2001 684 2051 subjectione
720 2015 791 2040 nos
824 2002 1055 2051 contingunt
1086 2005 1124 2039 et
1156 2014 1252 2051 quos
1280 2002 1563 2040 excellencioris
1590 2003 1671 2040 vite

210 2056 348 2093 merita
379 2058 417 2093 et
448 2056 603 2105 pietatis
636 2068 749 2105 opera
779 2056 822 2093 in
854 2055 995 2105 quibus
1030 2055 1201 2093 studiose
1237 2068 1277 2093 se
1308 2059 1507 2094 excercent
1534 2056 1671 2105 dignos

213 2109 381 2147 reddunt
399 2109 523 2158 gracia
541 2110 728 2159 ampliori.
784 2110 884 2148 Cum
901 2110 1020 2159 igitur
1038 2109 1088 2147 ad
1105 2110 1426 2147 sustentacionem
1445 2110 1671 2147 dilectorum

212 2164 254 2201 in
274 2163 429 2202 Christo
447 2163 614 2201 filiorum
633 2163 776 2201 Prioris
797 2167 835 2201 et
853 2164 1053 2213 utriusque
1081 2176 1194 2201 sexus
1214 2167 1426 2202 conventus
1445 2163 1672 2201 Monasterii

214 2217 262 2255 de
282 2216 541 2255 Haverholme
559 2229 709 2255 necnon
723 2217 920 2267 hospitum
935 2221 973 2255 et
986 2230 1198 2267 pauperum
1212 2217 1262 2255 ad
1275 2217 1378 2267 ipsos
1393 2218 1672 2255 declinancium

213 2271 415 2309 facultates
430 2283 510 2309 non
524 2271 715 2309 sufficiant
730 2271 936 2309 eorundem
953 2285 962 2309 ε
980 2284 1049 2309 nos
1063 2273 1234 2321 ipsorum
1245 2272 1480 2321 paupertatis
1494 2275 1532 2309 et
1543 2271 1672 2320 inopie

213 2325 278 2375 pio
307 2325 583 2374 compacientes
610 2325 749 2363 affectu
777 2328 815 2363 et
846 2325 1010 2375 graciam
1041 2338 1085 2364 6ο
1116 2325 1306 2363 libencius
1337 2325 1442 2375 quod.
1469 2325 1516 2363 de
1542 2328 1672 2363 nostro

213 2382 418 2429 patronatu
454 2379 627 2417 existunt
672 2379 815 2417 eisdem
859 2379 1032 2418 volentes
1068 2379 1190 2417 facere
1225 2379 1439 2429 specialem,
1477 2379 1672 2417 ecclesiam

214 2433 366 2471 Veteris
385 2433 540 2471 Lafford
558 2436 597 2471 et
615 2433 859 2471 medietatem
887 2433 1041 2471 ecclesie
1069 2433 1117 2471 de
1135 2432 1362 2471 Riskenton’
1381 2434 1425 2471 in
1452 2433 1593 2483 quibus
1607 2434 1673 2482 jus

215 2487 364 2536 optinet
400 2490 623 2537 patronatus
666 2487 716 2525 ad
759 2488 930 2537 ipsorum
974 2487 1190 2536 indigencie
1233 2487 1508 2525 relevacionem
1553 2490 1592 2524 et
1628 2489 1674 2524 ut

215 2540 412 2590 hospitum
431 2540 644 2591 recepcioni
662 2541 798 2578 melius
826 2540 995 2578 sufficere
1013 2541 1166 2579 valeant
1185 2554 1227 2579 ac
1245 2554 1457 2591 pauperum
1475 2540 1675 2578 necessita-

215 2594 321 2632 tibus
349 2595 552 2633 subvenire
571 2595 666 2644 ipsis
693 2595 905 2644 pontificali
933 2595 1156 2633 auctoritate
1184 2595 1426 2632 concedimus
1452 2595 1615 2644 propriis
1635 2596 1674 2632 et

216 2648 292 2697 piis
321 2661 451 2686 eorum
478 2649 611 2686 usibus
638 2649 832 2698 perpetuis
851 2649 1088 2698 temporibus
1106 2649 1334 2698 profuturas.
1385 2649 1449 2686 Ita
1462 2653 1555 2686 tunc
1570 2647 1675 2697 quod

216 2702 428 2740 animarum
447 2715 535 2740 cura
553 2703 596 2740 in
623 2703 737 2740 dictis
765 2703 930 2741 ecclesiis
957 2702 1172 2740 nullatinus
1199 2702 1436 2752 necgligatur
1463 2705 1502 2740 et
1520 2702 1675 2739 ecclesie

217 2756 348 2793 eedem
368 2756 509 2794 debitis
536 2769 616 2794 non
642 2756 868 2795 fraudentur
895 2757 1088 2806 obsequiis
1115 2756 1183 2794 sed
1209 2769 1277 2806 per
1303 2756 1498 2794 ministros
1517 2756 1675 2793 idoneos

217 2813 400 2860 perpetuo
412 2810 646 2848 deserviatur
657 2810 811 2849 eisdem.
858 2810 984 2849 Salvis
995 2823 1144 2860 semper
1154 2811 1197 2847 in
1209 2810 1387 2848 omnibus
1398 2809 1676 2860 episcopalibus

218 2866 257 2902 et
275 2863 643 2903 archidiaconalibus
669 2864 1012 2903 consuetudinibus
1039 2867 1077 2903 et
1096 2863 1271 2903 Lincoln'
1291 2863 1445 2903 ecclesie
1473 2863 1671 2914 dignitate.
