1844 3178
274 362 329 407 76
815 373 952 406 LIBER
980 372 1216 413 ANTIQUUS

356 479 716 517 ΑΡΡΗΟΡΒΙΑΟΙΟ
750 471 896 509 ecclesie
936 471 1116 510 Omnium
1152 471 1222 510 Se.
1257 471 1300 509 in
1328 472 1421 520 foro
1456 472 1502 510 de
1539 472 1738 520 Stanford.

355 525 559 566 Universis
572 524 640 562 &a
698 524 863 562 Noverit
876 524 1106 563 universitas
1120 527 1248 563 vestra
1262 537 1334 563 nos
1349 525 1396 563 de
1410 538 1565 564 assensu
1577 527 1738 576 capituli

274 581 398 620 nostri
415 579 523 618 Linc'
543 578 675 616 divine
694 578 850 627 pietatis
864 579 1012 617 intuitu
1027 578 1254 618 concessisse
1269 582 1307 617 et
1324 579 1484 626 dedisse,
1501 583 1539 618 et
1554 581 1625 618 hac
1640 584 1742 619 carta

273 640 405 674 nostra
423 633 675 679 confirmasse,
697 632 848 670 dilectis
862 633 905 670 in
921 633 1075 672 Christo
1089 633 1243 670 filiabus
1258 633 1442 671 Priorisse
1458 636 1496 671 et
1510 634 1741 673 monialibus

274 689 314 728 S.
335 687 537 727 Michaelis
558 686 605 723 de
626 685 824 734 Stanford,
846 686 1041 725 ecclesiam
1071 686 1257 725 Omnium
1282 687 1510 725 Sanctorum
1528 688 1571 725 in
1590 688 1673 726 foro
1693 689 1741 727 de

274 742 469 782 Stanford.
528 740 644 778 Salva
662 740 803 778 vicaria
821 754 937 790 quam
956 741 1227 779 constituimus
1245 741 1288 778 in
1307 741 1450 788 eadem,
1471 754 1545 790 que
1565 743 1742 780 consistit

271 798 316 835 in
334 796 513 835 omnibus
533 794 837 832 obvencionibus
852 798 890 833 et
905 794 1170 845 proventubus
1188 795 1362 844 altaragii
1380 795 1553 844 ejusdem
1572 796 1738 835 ecclesie.

272 851 313 889 Is
333 854 460 889 autem
479 849 548 899 qui
565 851 773 898 perpetuus
792 849 910 887 fuerit
924 849 1089 887 vicarius
1103 849 1328 898 pensionem
1348 850 1510 887 duarum
1528 862 1741 888 marcarum

270 905 366 955 ipsis
393 902 627 942 monialibus
655 903 856 941 annuatim
884 903 927 940 in
954 903 1052 941 festo
1089 903 1337 952 rogacionum
1364 903 1412 941 de
1440 903 1573 941 eadem
1599 904 1741 942 vicaria

271 959 475 1009 persolvet,
506 959 545 995 et
573 956 703 994 omnia
730 969 845 995 onera
872 956 1103 1007 episcopalia
1129 957 1347 995 sustinebit.
1404 957 1618 995 Residuum
1636 971 1738 1006 vero,

271 1013 417 1051 scilicet
443 1014 566 1050 totam
593 1013 733 1048 terram
760 1011 915 1049 ecclesie
944 1014 983 1049 et
1010 1023 1142 1049 omnes
1170 1010 1336 1049 decimas
1364 1011 1576 1061 garbarum,
1607 1012 1739 1050 cadem

271 1067 459 1105 Priorissa
487 1067 526 1103 et
553 1064 739 1103 moniales
775 1065 976 1103 habebunt
1004 1065 1046 1103 in
1073 1065 1248 1115 proprios
1284 1078 1377 1104 usus
1414 1066 1736 1105 conventendum.

274 1121 399 1159 Salvis
417 1120 461 1157 in
488 1119 679 1166 omnibus,
710 1118 777 1157 &a
835 1119 886 1157 In
914 1119 1032 1169 hujus
1058 1119 1188 1168 igitur,
1209 1119 1290 1167 δια,
1313 1123 1359 1157 ut
1377 1132 1502 1170 supra.
1560 1120 1739 1159 Testibus

271 1174 420 1225 Rogero
458 1173 613 1220 decano,
661 1173 711 1211 R.
753 1173 1046 1223 Norhampton’‚
1097 1173 1142 1212 R.
1192 1174 1239 1211 de
1286 1173 1420 1211 Hailes
1465 1174 1740 1223 Huntingdon'

269 1227 553 1274 Archidiacon',
583 1227 751 1277 Hugone
779 1227 827 1265 de
857 1227 894 1266 S.
925 1227 1129 1276 Edwardo,
1160 1227 1347 1277 Magistro
1367 1228 1515 1278 Rogero
1536 1228 1584 1265 de
1605 1228 1738 1276 Cestr',

269 1282 418 1321 Thoma
446 1282 494 1320 de
521 1281 741 1328 Fiskarton,
771 1284 810 1319 et
837 1281 985 1332 Rogero
1015 1282 1062 1319 de
1091 1281 1261 1319 Bristoll'
1290 1282 1506 1331 capellanis,
1552 1280 1628 1334 [fo.
1652 1282 1735 1331 242]

270 1336 385 1375 Petro
432 1336 479 1374 de
525 1335 690 1374 Bathon'
729 1336 899 1374 canonic’
946 1335 1132 1383 Lincoln',
1191 1336 1378 1385 Magistro
1430 1336 1645 1374 WiHielmo
1691 1336 1739 1374 de

270 1390 518 1437 Brancewell,
547 1389 735 1439 Magistro
763 1389 929 1428 Ricardo
948 1390 996 1427 de
1015 1389 1258 1440 Tingehurst,
1283 1390 1480 1439 Stephano
1501 1390 1549 1428 de
1569 1389 1737 1438 Cicestr'‚

270 1448 309 1483 et
328 1446 423 1483 aliis.
480 1444 571 1483 Dat’
591 1456 660 1494 per
678 1456 837 1482 manum
855 1444 919 1482 W.
942 1444 990 1482 de
1009 1444 1166 1482 Tornac'
1181 1444 1440 1482 archidiaconi
1460 1444 1616 1483 Stouwe
1635 1444 1738 1495 apud

269 1499 488 1547 Bannebir',
508 1497 609 1548 iiijto.
632 1497 708 1537 kal.
731 1498 902 1549 Augusti
921 1498 1176 1537 Pontificatus
1195 1498 1317 1537 nostri
1336 1511 1438 1537 anno
1457 1499 1544 1549 vjt0.

352 1615 662 1651 ΒΑΤΙΡΙΟΑΟΙΟ
678 1606 898 1645 collaciom's
902 1606 1011 1655 juris
1016 1609 1253 1655 patronatus
1266 1606 1309 1644 in
1321 1607 1475 1645 ecclesia
1487 1607 1532 1644 dc
1544 1607 1734 1656 Kyrkeby.

349 1661 554 1700 Universis
586 1660 653 1699 &a
715 1660 887 1699 Salutem
906 1661 949 1698 in
969 1661 1135 1699 domino.
1195 1660 1325 1710 Quum
1348 1661 1412 1711 pia
1433 1661 1536 1699 facta
1562 1660 1738 1699 fidelium

268 1716 386 1766 digno
412 1715 543 1753 favore
572 1717 663 1753 sunt
690 1714 964 1765 persequenda,
1008 1715 1048 1753 N
1050 1715 1207 1753 overitis
1239 1715 1344 1764 quod
1381 1728 1452 1753 nos
1490 1715 1737 1753 collacionem

268 1770 401 1809 dilecti
418 1769 491 1807 filii
510 1769 687 1819 Philippi
715 1769 763 1806 de
792 1768 983 1819 Kynton',
1013 1782 1129 1819 quam
1158 1782 1271 1819 super
1299 1769 1553 1807 advocacione
1581 1769 1737 1807 ecclesie

268 1825 316 1863 de
344 1823 525 1873 Kirkeby
551 1823 645 1861 fecit
679 1823 830 1861 dilectis
865 1823 957 1861 filiis
993 1823 1035 1861 in
1074 1823 1228 1862 Christo
1265 1823 1449 1861 fratribus
1480 1823 1574 1861 novi
1609 1823 1736 1873 hospi-

254 1879 356 1917 ‘talis
394 1878 442 1915 de
483 1877 730 1915 Teuelesford
766 1878 810 1915 in
841 1877 986 1915 honore
1016 1877 1054 1916 S.
1094 1877 1121 1915 J
1124 1877 1288 1915 ohannis
1330 1880 1368 1915 et
1409 1877 1446 1917 S.
1486 1876 1737 1926 Radegundis

266 1932 433 1979 fundati,
469 1934 507 1969 et
540 1944 671 1970 eorum
702 1931 981 1969 successoribus
1013 1931 1297 1981 imperpetuum
1328 1931 1475 1970 ibidem
1510 1932 1734 1981 regulariter

266 1986 478 2034 servituris,
497 1988 619 2023 ratam
637 1988 676 2023 et
694 1988 840 2036 gratam
859 1985 1057 2033 habemus,
1078 1988 1116 2024 et
1136 1998 1229 2034 eam,
1251 1986 1351 2024 sicut
1369 1985 1652 2024 racionabiliter
1680 1986 1735 2024 eis

265 2041 367 2080 facta
386 2044 455 2088 est,
470 2040 676 2078 autoritate
695 2039 902 2090 episcopali
922 2040 1200 2079 confirmamus.
1251 2039 1378 2078 Salvis
1396 2040 1439 2078 in
1455 2039 1645 2087 omnibus,
1664 2039 1731 2078 &a

266 2096 357 2133 Hiis
389 2095 554 2133 testibus
585 2094 632 2133 R.
664 2093 713 2132 de
739 2093 908 2132 Bristoll'
931 2094 1137 2144 capellano,
1158 2094 1202 2132 P.
1225 2093 1273 2132 de
1304 2092 1469 2132 Bathon’
1489 2093 1658 2132 canonic'
1686 2094 1735 2132 de

265 2149 454 2198 Lincoln',
475 2148 663 2199 Magistro
682 2148 851 2186 Roberto
871 2148 919 2186 de
943 2148 1107 2196 Grauel',
1129 2148 1315 2198 Magistro
1343 2148 1389 2187 R.
1412 2148 1459 2186 de
1487 2147 1732 2198 Tingehurst,

265 2203 313 2242 R.
350 2204 398 2242 de
430 2203 584 2251 Bohun‚
616 2202 815 2252 Stephano
846 2202 894 2240 de
927 2202 1095 2250 Cicestr’,
1130 2206 1169 2240 et
1201 2203 1296 2241 aliis.
1354 2203 1445 2241 Dat’
1478 2215 1545 2252 per
1575 2214 1734 2240 manum

266 2258 446 2308 Magistri
472 2256 679 2307 Reginaldi
710 2257 759 2294 de
792 2257 911 2297 Cestr'
931 2256 1036 2307 apud
1068 2256 1268 2307 Kyldeby,
1289 2256 1390 2296 Non.
1413 2256 1582 2307 Augusti
1608 2256 1734 2306 ponti-

265 2312 401 2351 ficatus
419 2312 543 2350 nostri
569 2323 670 2350 anno
689 2311 760 2361 ij.

343 2417 568 2452 οΑΡΕΙ.Ι.Α
599 2417 661 2451 ΟΕ
689 2416 975 2451 ΤΑΤΕΝΗΟυ.

347 2462 540 2500 Omnibus
555 2461 702 2501 Christi
719 2461 900 2500 fidelibus
916 2460 983 2499 &a
1041 2459 1107 2499 Ad
1124 2459 1388 2499 universitatis
1406 2462 1531 2498 vestre
1548 2459 1732 2498 noticiam

264 2516 443 2556 volumus
470 2515 669 2566 pervenire
695 2528 766 2553 nos
794 2515 842 2553 de
870 2527 1028 2553 assensu
1056 2514 1229 2565 Capituli
1254 2514 1376 2552 nostri
1395 2514 1569 2552 Lincoln'
1598 2514 1731 2552 divine

263 2571 420 2622 pietatis
439 2570 588 2608 intuitu
602 2570 831 2608 concessisse
851 2572 888 2608 et
908 2569 1058 2607 dedisse
1072 2569 1223 2607 dilectis
1242 2569 1284 2606 in
1304 2568 1460 2607 Christo
1478 2568 1570 2607 filiis
1584 2568 1732 2606 Abbati

264 2629 303 2664 et
331 2624 537 2664 Canonicis
565 2624 613 2662 de
640 2624 851 2663 Lavenden
880 2623 1078 2673 Capellam
1106 2623 1153 2661 de
1187 2623 1390 2661 Tatenhou
1426 2635 1514 2661 cum
1551 2622 1731 2661 omnibus

263 2679 513 2730 pertinenciis
531 2679 610 2717 suis
628 2678 671 2716 in
689 2678 861 2728 proprios
883 2690 976 2716 usus
997 2678 1282 2728 imperpetuum
1304 2676 1523 2715 habendam
1541 2679 1580 2714 et
1600 2679 1731 2714 tenen-

265 2734 366 2780 dam,
400 2733 600 2783 ipsamque
632 2732 687 2770 eis
719 2732 946 2770 auctoritate
977 2731 1184 2781 episcopali
1216 2731 1507 2769 confirmamus:
1536 2731 1654 2769 salvis
1686 2731 1730 2768 in

265 2787 445 2826 omnibus
472 2786 753 2837 episcopalibus
780 2785 1125 2824 consuetudinibus
1154 2789 1191 2823 et
1219 2784 1394 2823 Lincoln'
1425 2785 1581 2823 ecclesie
1607 2784 1730 2834 digni-

264 2845 353 2881 tate.
413 2842 464 2879 In
482 2841 601 2891 hujus
619 2841 737 2891 igitur
755 2840 809 2878 rei
827 2841 943 2878 robur
963 2843 1002 2878 et
1020 2839 1287 2878 testimonium
1301 2839 1392 2877 huic
1406 2839 1548 2888 scripto
1560 2838 1730 2888 sigillum

264 2899 439 2935 nostrum
453 2898 511 2934 est
529 2896 758 2946 appositum.
818 2895 908 2933 Hiis
926 2894 1091 2933 testibus
1110 2894 1258 2944 Rogero
1277 2893 1325 2932 de
1345 2893 1514 2931 Bristoll'
1533 2892 1729 2943 capellano
