<?xml version="1.0" encoding="UTF-8"?>
<!DOCTYPE html PUBLIC "-//W3C//DTD XHTML 1.0 Transitional//EN"
    "http://www.w3.org/TR/xhtml1/DTD/xhtml1-transitional.dtd">
<html xmlns="http://www.w3.org/1999/xhtml" xml:lang="en" lang="en">
 <head>
  <title>
</title>
<meta http-equiv="Content-Type" content="text/html;charset=utf-8" />
  <meta name='ocr-system' content='tesseract 3.04.00' />
  <meta name='ocr-capabilities' content='ocr_page ocr_carea ocr_par ocr_line ocrx_word'/>
</head>
<body>
  <div class='ocr_page' id='page_1' title='image "./liberantiquusdeo00linc_0100.png"; bbox 0 0 1844 3178; ppageno 0'>
   <div class='ocr_carea' id='block_1_1' title="bbox 201 361 1125 412">
    <p class='ocr_par' dir='ltr' id='par_1_1' title="bbox 201 361 1125 412">
     <span class='ocr_line' id='line_1_1' title="bbox 201 361 1125 412; baseline 0.005 -11"><span class='ocrx_word' id='word_1_1' title='bbox 201 361 255 402; x_wconf 86' lang='grc'>86</span> <span class='ocrx_word' id='word_1_2' title='bbox 722 371 860 405; x_wconf 86' lang='lat' dir='ltr'>LIBER</span> <span class='ocrx_word' id='word_1_3' title='bbox 889 370 1125 412; x_wconf 81' lang='lat' dir='ltr'><strong>ANTIQUUS</strong></span> 
     </span>
    </p>
   </div>
   <div class='ocr_carea' id='block_1_2' title="bbox 197 470 1667 790">
    <p class='ocr_par' dir='ltr' id='par_1_2' title="bbox 197 470 1667 790">
     <span class='ocr_line' id='line_1_2' title="bbox 201 470 1666 521; baseline -0.001 -12"><span class='ocrx_word' id='word_1_4' title='bbox 201 471 389 521; x_wconf 87' lang='lat' dir='ltr'>capellani</span> <span class='ocrx_word' id='word_1_5' title='bbox 425 483 584 521; x_wconf 82' lang='lat' dir='ltr'>persone</span> <span class='ocrx_word' id='word_1_6' title='bbox 620 470 726 507; x_wconf 89' lang='lat' dir='ltr'>illius</span> <span class='ocrx_word' id='word_1_7' title='bbox 763 471 919 509; x_wconf 83' lang='lat' dir='ltr'>ecclesie</span> <span class='ocrx_word' id='word_1_8' title='bbox 956 477 994 509; x_wconf 84' lang='lat' dir='ltr'>et</span> <span class='ocrx_word' id='word_1_9' title='bbox 1031 483 1289 509; x_wconf 86' lang='lat' dir='ltr'>successorum</span> <span class='ocrx_word' id='word_1_10' title='bbox 1325 484 1477 509; x_wconf 90' lang='lat' dir='ltr'>suorum</span> <span class='ocrx_word' id='word_1_11' title='bbox 1517 471 1585 521; x_wconf 90' lang='lat' dir='ltr'>qui</span> <span class='ocrx_word' id='word_1_12' title='bbox 1617 471 1666 508; x_wconf 91' lang='lat' dir='ltr'>ad</span> 
     </span>
     <span class='ocr_line' id='line_1_3' title="bbox 200 524 1667 575; baseline 0 -12"><span class='ocrx_word' id='word_1_13' title='bbox 200 538 441 564; x_wconf 85' lang='lat' dir='ltr'>communem</span> <span class='ocrx_word' id='word_1_14' title='bbox 468 524 794 575; x_wconf 86' lang='lat' dir='ltr'>presentacionem</span> <span class='ocrx_word' id='word_1_15' title='bbox 823 525 1013 564; x_wconf 89' lang='lat' dir='ltr'>dictorum</span> <span class='ocrx_word' id='word_1_16' title='bbox 1040 525 1177 575; x_wconf 90' lang='lat' dir='ltr'>prioris</span> <span class='ocrx_word' id='word_1_17' title='bbox 1205 528 1243 563; x_wconf 88' lang='lat' dir='ltr'>et</span> <span class='ocrx_word' id='word_1_18' title='bbox 1267 529 1478 563; x_wconf 89' lang='lat' dir='ltr'>conventus</span> <span class='ocrx_word' id='word_1_19' title='bbox 1498 529 1535 563; x_wconf 85' lang='lat' dir='ltr'>et</span> <span class='ocrx_word' id='word_1_20' title='bbox 1555 524 1667 563; x_wconf 88' lang='lat' dir='ltr'>dilec-</span> 
     </span>
     <span class='ocr_line' id='line_1_4' title="bbox 199 578 1667 628; baseline -0.001 -11"><span class='ocrx_word' id='word_1_21' title='bbox 199 582 325 618; x_wconf 84' lang='lat' dir='ltr'>tarum</span> <span class='ocrx_word' id='word_1_22' title='bbox 339 580 382 618; x_wconf 87' lang='lat' dir='ltr'>in</span> <span class='ocrx_word' id='word_1_23' title='bbox 397 580 550 618; x_wconf 83' lang='lat' dir='ltr'>Christo</span> <span class='ocrx_word' id='word_1_24' title='bbox 566 578 733 615; x_wconf 87' lang='lat' dir='ltr'>filiarum</span> <span class='ocrx_word' id='word_1_25' title='bbox 751 579 927 628; x_wconf 81' lang='lat' dir='ltr'>priorisse</span> <span class='ocrx_word' id='word_1_26' title='bbox 948 584 987 618; x_wconf 89' lang='lat' dir='ltr'>et</span> <span class='ocrx_word' id='word_1_27' title='bbox 1006 582 1218 617; x_wconf 89' lang='lat' dir='ltr'>conventus</span> <span class='ocrx_word' id='word_1_28' title='bbox 1238 579 1285 616; x_wconf 93' lang='lat' dir='ltr'>de</span> <span class='ocrx_word' id='word_1_29' title='bbox 1301 579 1507 617; x_wconf 85' lang='lat' dir='ltr'>Grenefeld</span> <span class='ocrx_word' id='word_1_30' title='bbox 1524 580 1567 617; x_wconf 90' lang='lat' dir='ltr'>in</span> <span class='ocrx_word' id='word_1_31' title='bbox 1585 582 1667 616; x_wconf 90' lang='lat' dir='ltr'>tota</span> 
     </span>
     <span class='ocr_line' id='line_1_5' title="bbox 201 632 1667 684; baseline -0.001 -12"><span class='ocrx_word' id='word_1_32' title='bbox 201 634 358 672; x_wconf 87' lang='lat' dir='ltr'>ecclesia</span> <span class='ocrx_word' id='word_1_33' title='bbox 376 647 444 684; x_wconf 92' lang='lat' dir='ltr'>pro</span> <span class='ocrx_word' id='word_1_34' title='bbox 463 637 634 682; x_wconf 88' lang='lat' dir='ltr'>tempore</span> <span class='ocrx_word' id='word_1_35' title='bbox 661 632 807 670; x_wconf 86' lang='lat' dir='ltr'>fuerint</span> <span class='ocrx_word' id='word_1_36' title='bbox 834 634 1017 672; x_wconf 88' lang='lat' dir='ltr'>instituti.</span> <span class='ocrx_word' id='word_1_37' title='bbox 1078 633 1205 672; x_wconf 80' lang='lat' dir='ltr'>Salvis</span> <span class='ocrx_word' id='word_1_38' title='bbox 1232 633 1276 671; x_wconf 91' lang='lat' dir='ltr'>in</span> <span class='ocrx_word' id='word_1_39' title='bbox 1298 633 1477 671; x_wconf 89' lang='lat' dir='ltr'>omnibus</span> <span class='ocrx_word' id='word_1_40' title='bbox 1497 634 1556 671; x_wconf 70' lang='grc'>816.</span> <span class='ocrx_word' id='word_1_41' title='bbox 1614 633 1667 670; x_wconf 85' lang='lat' dir='ltr'>Et</span> 
     </span>
     <span class='ocr_line' id='line_1_6' title="bbox 198 686 1667 737; baseline -0.001 -11"><span class='ocrx_word' id='word_1_42' title='bbox 198 690 243 726; x_wconf 89' lang='lat' dir='ltr'>ut</span> <span class='ocrx_word' id='word_1_43' title='bbox 270 688 342 726; x_wconf 90' lang='lat' dir='ltr'>hec</span> <span class='ocrx_word' id='word_1_44' title='bbox 370 691 499 726; x_wconf 86' lang='lat' dir='ltr'>nostra</span> <span class='ocrx_word' id='word_1_45' title='bbox 529 686 722 724; x_wconf 82' lang='lat' dir='ltr'>concessio</span> <span class='ocrx_word' id='word_1_46' title='bbox 756 687 816 725; x_wconf 72' lang='lat'>820.</span> <span class='ocrx_word' id='word_1_47' title='bbox 873 688 1054 726; x_wconf 88' lang='lat' dir='ltr'>Testibus</span> <span class='ocrx_word' id='word_1_48' title='bbox 1087 690 1125 725; x_wconf 83' lang='lat' dir='ltr'>et</span> <span class='ocrx_word' id='word_1_49' title='bbox 1153 687 1243 725; x_wconf 88' lang='lat' dir='ltr'>Dat’</span> <span class='ocrx_word' id='word_1_50' title='bbox 1272 690 1317 725; x_wconf 92' lang='lat' dir='ltr'>ut</span> <span class='ocrx_word' id='word_1_51' title='bbox 1349 700 1463 737; x_wconf 88' lang='lat' dir='ltr'>supra</span> <span class='ocrx_word' id='word_1_52' title='bbox 1494 688 1538 725; x_wconf 89' lang='lat' dir='ltr'>in</span> <span class='ocrx_word' id='word_1_53' title='bbox 1565 689 1667 725; x_wconf 87' lang='lat' dir='ltr'>carta</span> 
     </span>
     <span class='ocr_line' id='line_1_7' title="bbox 197 741 566 790; baseline -0.005 -10"><span class='ocrx_word' id='word_1_54' title='bbox 197 742 356 790; x_wconf 90' lang='lat' dir='ltr'>decima,</span> <span class='ocrx_word' id='word_1_55' title='bbox 376 755 478 780; x_wconf 89' lang='lat' dir='ltr'>anno</span> <span class='ocrx_word' id='word_1_56' title='bbox 497 741 566 779; x_wconf 81' lang='lat' dir='ltr'>ix0.</span> 
     </span>
    </p>
   </div>
   <div class='ocr_carea' id='block_1_3' title="bbox 192 848 1668 1550">
    <p class='ocr_par' dir='ltr' id='par_1_3' title="bbox 277 848 1143 899">
     <span class='ocr_line' id='line_1_8' title="bbox 277 848 1143 899; baseline 0.002 -12"><span class='ocrx_word' id='word_1_57' title='bbox 277 861 301 895; x_wconf 68' lang='grc' dir='ltr'>ιι</span> <span class='ocrx_word' id='word_1_58' title='bbox 321 858 523 894; x_wconf 53' lang='lat' dir='ltr'>,aunt-:us</span> <span class='ocrx_word' id='word_1_59' title='bbox 541 849 585 886; x_wconf 76' lang='lat' dir='ltr'>in</span> <span class='ocrx_word' id='word_1_60' title='bbox 604 848 728 887; x_wconf 76' lang='lat' dir='ltr'>altera</span> <span class='ocrx_word' id='word_1_61' title='bbox 746 849 947 888; x_wconf 76' lang='lat' dir='ltr'>medietate</span> <span class='ocrx_word' id='word_1_62' title='bbox 967 850 1143 899; x_wconf 75' lang='lat' dir='ltr'>ejusdem.</span> 
     </span>
    </p>

    <p class='ocr_par' dir='ltr' id='par_1_4' title="bbox 192 903 1668 1550">
     <span class='ocr_line' id='line_1_9' title="bbox 277 903 1668 945; baseline -0.001 -3"><span class='ocrx_word' id='word_1_63' title='bbox 277 903 484 942; x_wconf 88' lang='lat' dir='ltr'>Universis</span> <span class='ocrx_word' id='word_1_64' title='bbox 522 903 593 941; x_wconf 67' lang='lat'>850.</span> <span class='ocrx_word' id='word_1_65' title='bbox 652 903 815 941; x_wconf 90' lang='lat' dir='ltr'>Noverit</span> <span class='ocrx_word' id='word_1_66' title='bbox 853 905 1083 943; x_wconf 89' lang='lat' dir='ltr'>universitas</span> <span class='ocrx_word' id='word_1_67' title='bbox 1120 908 1249 945; x_wconf 89' lang='lat' dir='ltr'>vestra</span> <span class='ocrx_word' id='word_1_68' title='bbox 1287 916 1358 942; x_wconf 86' lang='lat' dir='ltr'>nos</span> <span class='ocrx_word' id='word_1_69' title='bbox 1395 903 1443 941; x_wconf 92' lang='lat' dir='ltr'>de</span> <span class='ocrx_word' id='word_1_70' title='bbox 1480 915 1668 941; x_wconf 88' lang='lat' dir='ltr'>consensu</span> 
     </span>
     <span class='ocr_line' id='line_1_10' title="bbox 196 957 1667 1010; baseline -0.003 -12"><span class='ocrx_word' id='word_1_71' title='bbox 196 959 337 1009; x_wconf 86' lang='lat' dir='ltr'>Rogeri</span> <span class='ocrx_word' id='word_1_72' title='bbox 351 957 499 995; x_wconf 89' lang='lat' dir='ltr'>Decani</span> <span class='ocrx_word' id='word_1_73' title='bbox 518 961 556 995; x_wconf 88' lang='lat' dir='ltr'>et</span> <span class='ocrx_word' id='word_1_74' title='bbox 573 957 745 1007; x_wconf 85' lang='lat' dir='ltr'>Capituli</span> <span class='ocrx_word' id='word_1_75' title='bbox 763 958 886 996; x_wconf 88' lang='lat' dir='ltr'>nostri</span> <span class='ocrx_word' id='word_1_76' title='bbox 900 959 1007 997; x_wconf 91' lang='lat' dir='ltr'>Linc&#39;</span> <span class='ocrx_word' id='word_1_77' title='bbox 1024 960 1156 999; x_wconf 84' lang='lat' dir='ltr'>divine</span> <span class='ocrx_word' id='word_1_78' title='bbox 1174 959 1330 1010; x_wconf 86' lang='lat' dir='ltr'>pietatis</span> <span class='ocrx_word' id='word_1_79' title='bbox 1349 957 1497 996; x_wconf 87' lang='lat' dir='ltr'>intuitu</span> <span class='ocrx_word' id='word_1_80' title='bbox 1517 957 1667 995; x_wconf 85' lang='lat' dir='ltr'>dedisse</span> 
     </span>
     <span class='ocr_line' id='line_1_11' title="bbox 197 1011 1667 1064; baseline -0.002 -13"><span class='ocrx_word' id='word_1_81' title='bbox 197 1017 235 1051; x_wconf 88' lang='lat' dir='ltr'>et</span> <span class='ocrx_word' id='word_1_82' title='bbox 267 1012 496 1051; x_wconf 86' lang='lat' dir='ltr'>concessisse</span> <span class='ocrx_word' id='word_1_83' title='bbox 529 1011 680 1049; x_wconf 89' lang='lat' dir='ltr'>dilectis</span> <span class='ocrx_word' id='word_1_84' title='bbox 713 1011 757 1049; x_wconf 96' lang='grc'>111</span> <span class='ocrx_word' id='word_1_85' title='bbox 791 1012 947 1051; x_wconf 73' lang='lat' dir='ltr'>Christo</span> <span class='ocrx_word' id='word_1_86' title='bbox 982 1013 1136 1053; x_wconf 82' lang='lat' dir='ltr'>filiabus</span> <span class='ocrx_word' id='word_1_87' title='bbox 1173 1013 1352 1064; x_wconf 84' lang='lat' dir='ltr'>priorisse</span> <span class='ocrx_word' id='word_1_88' title='bbox 1385 1015 1424 1049; x_wconf 91' lang='lat' dir='ltr'>et</span> <span class='ocrx_word' id='word_1_89' title='bbox 1456 1011 1667 1050; x_wconf 86' lang='lat' dir='ltr'>conventui</span> 
     </span>
     <span class='ocr_line' id='line_1_12' title="bbox 195 1065 1666 1107; baseline -0.002 -2"><span class='ocrx_word' id='word_1_90' title='bbox 195 1067 429 1106; x_wconf 86' lang='lat' dir='ltr'>Monialium</span> <span class='ocrx_word' id='word_1_91' title='bbox 459 1066 507 1103; x_wconf 91' lang='lat' dir='ltr'>de</span> <span class='ocrx_word' id='word_1_92' title='bbox 537 1065 747 1104; x_wconf 85' lang='lat' dir='ltr'>Grenefeld</span> <span class='ocrx_word' id='word_1_93' title='bbox 780 1079 903 1104; x_wconf 90' lang='lat' dir='ltr'>unum</span> <span class='ocrx_word' id='word_1_94' title='bbox 935 1080 1094 1106; x_wconf 87' lang='lat' dir='ltr'>aureum</span> <span class='ocrx_word' id='word_1_95' title='bbox 1125 1070 1168 1107; x_wconf 89' lang='lat' dir='ltr'>in</span> <span class='ocrx_word' id='word_1_96' title='bbox 1199 1067 1406 1106; x_wconf 87' lang='lat' dir='ltr'>medietate</span> <span class='ocrx_word' id='word_1_97' title='bbox 1434 1065 1590 1103; x_wconf 86' lang='lat' dir='ltr'>ecclesie</span> <span class='ocrx_word' id='word_1_98' title='bbox 1618 1065 1666 1102; x_wconf 92' lang='lat' dir='ltr'>de</span> 
     </span>
     <span class='ocr_line' id='line_1_13' title="bbox 194 1119 1667 1171; baseline -0.002 -12"><span class='ocrx_word' id='word_1_99' title='bbox 194 1122 357 1171; x_wconf 84' lang='lat' dir='ltr'>Beseby,</span> <span class='ocrx_word' id='word_1_100' title='bbox 380 1133 454 1170; x_wconf 87' lang='lat' dir='ltr'>que</span> <span class='ocrx_word' id='word_1_101' title='bbox 481 1120 669 1157; x_wconf 76' lang='lat' dir='ltr'>medietas</span> <span class='ocrx_word' id='word_1_102' title='bbox 697 1120 745 1157; x_wconf 89' lang='lat' dir='ltr'>de</span> <span class='ocrx_word' id='word_1_103' title='bbox 774 1133 902 1158; x_wconf 85' lang='lat' dir='ltr'>earum</span> <span class='ocrx_word' id='word_1_104' title='bbox 931 1122 1185 1161; x_wconf 86' lang='lat' dir='ltr'>advocacione</span> <span class='ocrx_word' id='word_1_105' title='bbox 1215 1125 1284 1169; x_wconf 85' lang='lat' dir='ltr'>est,</span> <span class='ocrx_word' id='word_1_106' title='bbox 1304 1121 1461 1158; x_wconf 89' lang='lat' dir='ltr'>nomine</span> <span class='ocrx_word' id='word_1_107' title='bbox 1489 1119 1667 1169; x_wconf 81' lang='lat' dir='ltr'>perpetui</span> 
     </span>
     <span class='ocr_line' id='line_1_14' title="bbox 193 1174 1667 1225; baseline -0.003 -11"><span class='ocrx_word' id='word_1_108' title='bbox 193 1175 371 1214; x_wconf 85' lang='lat' dir='ltr'>beneficii</span> <span class='ocrx_word' id='word_1_109' title='bbox 403 1174 565 1224; x_wconf 89' lang='lat' dir='ltr'>singulis</span> <span class='ocrx_word' id='word_1_110' title='bbox 603 1174 715 1212; x_wconf 87' lang='lat' dir='ltr'>annis</span> <span class='ocrx_word' id='word_1_111' title='bbox 751 1174 793 1212; x_wconf 90' lang='grc'>111</span> <span class='ocrx_word' id='word_1_112' title='bbox 831 1175 929 1213; x_wconf 79' lang='lat' dir='ltr'>festo</span> <span class='ocrx_word' id='word_1_113' title='bbox 963 1176 1002 1215; x_wconf 80' lang='lat' dir='ltr'>S.</span> <span class='ocrx_word' id='word_1_114' title='bbox 1040 1177 1243 1216; x_wconf 82' lang='lat' dir='ltr'>Michaelis</span> <span class='ocrx_word' id='word_1_115' title='bbox 1275 1174 1567 1225; x_wconf 88' lang='lat' dir='ltr'>percipiendum</span> <span class='ocrx_word' id='word_1_116' title='bbox 1598 1186 1667 1223; x_wconf 89' lang='lat' dir='ltr'>per</span> 
     </span>
     <span class='ocr_line' id='line_1_15' title="bbox 192 1228 1667 1282; baseline -0.002 -14"><span class='ocrx_word' id='word_1_117' title='bbox 192 1242 330 1268; x_wconf 91' lang='lat' dir='ltr'>manus</span> <span class='ocrx_word' id='word_1_118' title='bbox 366 1228 513 1266; x_wconf 89' lang='lat' dir='ltr'>Thome</span> <span class='ocrx_word' id='word_1_119' title='bbox 559 1228 607 1267; x_wconf 91' lang='lat' dir='ltr'>de</span> <span class='ocrx_word' id='word_1_120' title='bbox 644 1229 685 1267; x_wconf 85' lang='lat' dir='ltr'>N</span> <span class='ocrx_word' id='word_1_121' title='bbox 687 1231 798 1266; x_wconf 88' lang='lat' dir='ltr'>orton</span> <span class='ocrx_word' id='word_1_122' title='bbox 844 1230 1031 1279; x_wconf 90' lang='lat' dir='ltr'>capellani</span> <span class='ocrx_word' id='word_1_123' title='bbox 1075 1243 1235 1282; x_wconf 87' lang='lat' dir='ltr'>persone</span> <span class='ocrx_word' id='word_1_124' title='bbox 1281 1229 1388 1267; x_wconf 89' lang='lat' dir='ltr'>illius</span> <span class='ocrx_word' id='word_1_125' title='bbox 1435 1228 1590 1266; x_wconf 89' lang='lat' dir='ltr'>ecclesie</span> <span class='ocrx_word' id='word_1_126' title='bbox 1628 1231 1667 1266; x_wconf 89' lang='lat' dir='ltr'>et</span> 
     </span>
     <span class='ocr_line' id='line_1_16' title="bbox 192 1282 1667 1336; baseline -0.003 -13"><span class='ocrx_word' id='word_1_127' title='bbox 192 1296 453 1323; x_wconf 89' lang='lat' dir='ltr'>successorum</span> <span class='ocrx_word' id='word_1_128' title='bbox 485 1295 641 1321; x_wconf 88' lang='lat' dir='ltr'>suorum</span> <span class='ocrx_word' id='word_1_129' title='bbox 671 1282 739 1333; x_wconf 91' lang='lat' dir='ltr'>qui</span> <span class='ocrx_word' id='word_1_130' title='bbox 770 1283 819 1321; x_wconf 91' lang='lat' dir='ltr'>ad</span> <span class='ocrx_word' id='word_1_131' title='bbox 849 1296 1090 1323; x_wconf 90' lang='lat' dir='ltr'>communem</span> <span class='ocrx_word' id='word_1_132' title='bbox 1122 1283 1448 1336; x_wconf 88' lang='lat' dir='ltr'>presentacionem</span> <span class='ocrx_word' id='word_1_133' title='bbox 1477 1282 1667 1320; x_wconf 88' lang='lat' dir='ltr'>dictarum</span> 
     </span>
     <span class='ocr_line' id='line_1_17' title="bbox 192 1337 1667 1398; baseline -0.003 -21"><span class='ocrx_word' id='word_1_134' title='bbox 192 1339 370 1389; x_wconf 89' lang='lat' dir='ltr'>priorisse</span> <span class='ocrx_word' id='word_1_135' title='bbox 389 1341 428 1375; x_wconf 89' lang='lat' dir='ltr'>et</span> <span class='ocrx_word' id='word_1_136' title='bbox 453 1337 680 1375; x_wconf 83' lang='lat' dir='ltr'>monialium</span> <span class='ocrx_word' id='word_1_137' title='bbox 710 1340 748 1374; x_wconf 90' lang='lat' dir='ltr'>et</span> <span class='ocrx_word' id='word_1_138' title='bbox 776 1337 1005 1377; x_wconf 82' lang='lat' dir='ltr'>dilectorum</span> <span class='ocrx_word' id='word_1_139' title='bbox 1032 1340 1075 1377; x_wconf 90' lang='lat' dir='ltr'>in</span> <span class='ocrx_word' id='word_1_140' title='bbox 1095 1340 1250 1380; x_wconf 85' lang='lat' dir='ltr'>Christo</span> <span class='ocrx_word' id='word_1_141' title='bbox 1277 1338 1445 1376; x_wconf 86' lang='lat' dir='ltr'>filiorum</span> <span class='ocrx_word' id='word_1_142' title='bbox 1472 1337 1609 1398; x_wconf 90' lang='lat' dir='ltr'>prioris</span> <span class='ocrx_word' id='word_1_143' title='bbox 1629 1338 1667 1374; x_wconf 90' lang='lat' dir='ltr'>et</span> 
     </span>
     <span class='ocr_line' id='line_1_18' title="bbox 193 1384 1663 1444; baseline -0.003 -13"><span class='ocrx_word' id='word_1_144' title='bbox 193 1396 406 1431; x_wconf 86' lang='lat' dir='ltr'>conventus</span> <span class='ocrx_word' id='word_1_145' title='bbox 425 1392 473 1429; x_wconf 90' lang='lat' dir='ltr'>de</span> <span class='ocrx_word' id='word_1_146' title='bbox 492 1384 711 1442; x_wconf 82' lang='lat' dir='ltr'>Maikeby</span> <span class='ocrx_word' id='word_1_147' title='bbox 699 1404 742 1429; x_wconf 90' lang='lat' dir='ltr'>1n</span> <span class='ocrx_word' id='word_1_148' title='bbox 761 1395 843 1430; x_wconf 87' lang='lat' dir='ltr'>tota</span> <span class='ocrx_word' id='word_1_149' title='bbox 862 1393 1020 1431; x_wconf 91' lang='lat' dir='ltr'>ecclesia</span> <span class='ocrx_word' id='word_1_150' title='bbox 1038 1407 1106 1444; x_wconf 90' lang='lat' dir='ltr'>pro</span> <span class='ocrx_word' id='word_1_151' title='bbox 1126 1398 1297 1444; x_wconf 88' lang='lat' dir='ltr'>tempore</span> <span class='ocrx_word' id='word_1_152' title='bbox 1315 1391 1490 1430; x_wconf 81' lang='lat' dir='ltr'>fuerint</span> <span class='ocrx_word' id='word_1_153' title='bbox 1479 1404 1540 1429; x_wconf 85' lang='lat' dir='ltr'>ms</span> <span class='ocrx_word' id='word_1_154' title='bbox 1524 1390 1663 1428; x_wconf 72' lang='lat' dir='ltr'>stituti.</span> 
     </span>
     <span class='ocr_line' id='line_1_19' title="bbox 194 1445 1666 1495; baseline -0.002 -9"><span class='ocrx_word' id='word_1_155' title='bbox 194 1447 351 1486; x_wconf 82' lang='lat' dir='ltr'>Salvis</span> <span class='ocrx_word' id='word_1_156' title='bbox 339 1460 383 1485; x_wconf 87' lang='lat' dir='ltr'>m</span> <span class='ocrx_word' id='word_1_157' title='bbox 402 1446 594 1493; x_wconf 87' lang='lat' dir='ltr'>omnibus,</span> <span class='ocrx_word' id='word_1_158' title='bbox 617 1446 677 1484; x_wconf 76' lang='lat' dir='ltr'>&amp;c</span> <span class='ocrx_word' id='word_1_159' title='bbox 737 1446 790 1484; x_wconf 90' lang='lat' dir='ltr'>Et</span> <span class='ocrx_word' id='word_1_160' title='bbox 817 1449 862 1485; x_wconf 87' lang='lat' dir='ltr'>ut</span> <span class='ocrx_word' id='word_1_161' title='bbox 889 1447 960 1486; x_wconf 87' lang='lat' dir='ltr'>hec</span> <span class='ocrx_word' id='word_1_162' title='bbox 987 1451 1120 1487; x_wconf 88' lang='lat' dir='ltr'>nostra</span> <span class='ocrx_word' id='word_1_163' title='bbox 1139 1447 1344 1495; x_wconf 83' lang='lat' dir='ltr'>concessio,</span> <span class='ocrx_word' id='word_1_164' title='bbox 1365 1446 1426 1485; x_wconf 71' lang='grc'>816.</span> <span class='ocrx_word' id='word_1_165' title='bbox 1485 1445 1666 1483; x_wconf 86' lang='lat' dir='ltr'>Testibus</span> 
     </span>
     <span class='ocr_line' id='line_1_20' title="bbox 193 1501 905 1550; baseline 0.001 -11"><span class='ocrx_word' id='word_1_166' title='bbox 193 1505 231 1539; x_wconf 90' lang='lat' dir='ltr'>et</span> <span class='ocrx_word' id='word_1_167' title='bbox 251 1502 341 1539; x_wconf 89' lang='lat' dir='ltr'>Dat&#39;</span> <span class='ocrx_word' id='word_1_168' title='bbox 362 1504 406 1539; x_wconf 93' lang='lat' dir='ltr'>ut</span> <span class='ocrx_word' id='word_1_169' title='bbox 425 1513 540 1550; x_wconf 90' lang='lat' dir='ltr'>supra</span> <span class='ocrx_word' id='word_1_170' title='bbox 559 1501 601 1538; x_wconf 88' lang='lat' dir='ltr'>in</span> <span class='ocrx_word' id='word_1_171' title='bbox 621 1504 724 1539; x_wconf 87' lang='lat' dir='ltr'>carta</span> <span class='ocrx_word' id='word_1_172' title='bbox 742 1501 905 1540; x_wconf 88' lang='lat' dir='ltr'>decima.</span> 
     </span>
    </p>
   </div>
   <div class='ocr_carea' id='block_1_4' title="bbox 273 1607 1666 1702">
    <p class='ocr_par' dir='ltr' id='par_1_5' title="bbox 273 1607 1666 1702">
     <span class='ocr_line' id='line_1_21' title="bbox 274 1607 948 1642; baseline 0 -1"><span class='ocrx_word' id='word_1_173' title='bbox 274 1607 569 1642; x_wconf 77' lang='lat' dir='ltr'>ADvooAclo</span> <span class='ocrx_word' id='word_1_174' title='bbox 587 1607 948 1641; x_wconf 74' lang='lat' dir='ltr'>wll-LlNGEHAM.</span> 
     </span>
     <span class='ocr_line' id='line_1_22' title="bbox 273 1648 1666 1702; baseline -0.004 -12"><span class='ocrx_word' id='word_1_175' title='bbox 273 1652 477 1691; x_wconf 90' lang='lat' dir='ltr'>Universis</span> <span class='ocrx_word' id='word_1_176' title='bbox 498 1651 565 1689; x_wconf 66' lang='lat' dir='ltr'>&amp;o</span> <span class='ocrx_word' id='word_1_177' title='bbox 626 1651 755 1699; x_wconf 75' lang='lat' dir='ltr'>Quum</span> <span class='ocrx_word' id='word_1_178' title='bbox 775 1653 840 1701; x_wconf 91' lang='lat' dir='ltr'>pia</span> <span class='ocrx_word' id='word_1_179' title='bbox 858 1652 958 1689; x_wconf 79' lang='lat' dir='ltr'>facta</span> <span class='ocrx_word' id='word_1_180' title='bbox 969 1652 1144 1690; x_wconf 88' lang='lat' dir='ltr'>fidelium</span> <span class='ocrx_word' id='word_1_181' title='bbox 1159 1652 1276 1702; x_wconf 90' lang='lat' dir='ltr'>digno</span> <span class='ocrx_word' id='word_1_182' title='bbox 1291 1653 1383 1689; x_wconf 88' lang='lat' dir='ltr'>sunt</span> <span class='ocrx_word' id='word_1_183' title='bbox 1403 1648 1666 1699; x_wconf 87' lang='lat' dir='ltr'>prosequenda</span> 
     </span>
    </p>
   </div>
   <div class='ocr_carea' id='block_1_5' title="bbox 188 1703 1666 2612">
    <p class='ocr_par' dir='ltr' id='par_1_6' title="bbox 188 1703 1666 2612">
     <span class='ocr_line' id='line_1_23' title="bbox 189 1703 1666 1754; baseline -0.003 -10"><span class='ocrx_word' id='word_1_184' title='bbox 189 1707 333 1754; x_wconf 88' lang='lat' dir='ltr'>favore,</span> <span class='ocrx_word' id='word_1_185' title='bbox 363 1706 404 1744; x_wconf 83' lang='lat' dir='ltr'>N</span> <span class='ocrx_word' id='word_1_186' title='bbox 406 1706 562 1744; x_wconf 88' lang='lat' dir='ltr'>overitis</span> <span class='ocrx_word' id='word_1_187' title='bbox 595 1705 700 1754; x_wconf 85' lang='lat' dir='ltr'>quod.</span> <span class='ocrx_word' id='word_1_188' title='bbox 733 1718 803 1743; x_wconf 90' lang='lat' dir='ltr'>nos</span> <span class='ocrx_word' id='word_1_189' title='bbox 837 1705 1087 1744; x_wconf 89' lang='lat' dir='ltr'>collacionem</span> <span class='ocrx_word' id='word_1_190' title='bbox 1123 1706 1255 1744; x_wconf 85' lang='lat' dir='ltr'>dilecti</span> <span class='ocrx_word' id='word_1_191' title='bbox 1286 1706 1359 1743; x_wconf 90' lang='lat' dir='ltr'>filii</span> <span class='ocrx_word' id='word_1_192' title='bbox 1391 1704 1417 1742; x_wconf 76' lang='lat' dir='ltr'><strong>J</strong></span> <span class='ocrx_word' id='word_1_193' title='bbox 1421 1704 1584 1742; x_wconf 89' lang='lat' dir='ltr'>ohannis</span> <span class='ocrx_word' id='word_1_194' title='bbox 1618 1703 1666 1740; x_wconf 91' lang='lat' dir='ltr'>de</span> 
     </span>
     <span class='ocr_line' id='line_1_24' title="bbox 190 1758 1665 1809; baseline -0.003 -11"><span class='ocrx_word' id='word_1_195' title='bbox 190 1760 400 1798; x_wconf 86' lang='lat' dir='ltr'>Fontineto</span> <span class='ocrx_word' id='word_1_196' title='bbox 433 1773 550 1809; x_wconf 86' lang='lat' dir='ltr'>quam</span> <span class='ocrx_word' id='word_1_197' title='bbox 582 1772 696 1809; x_wconf 89' lang='lat' dir='ltr'>super</span> <span class='ocrx_word' id='word_1_198' title='bbox 729 1760 982 1798; x_wconf 84' lang='lat' dir='ltr'>advocacione</span> <span class='ocrx_word' id='word_1_199' title='bbox 1015 1761 1171 1798; x_wconf 90' lang='lat' dir='ltr'>ecclesie</span> <span class='ocrx_word' id='word_1_200' title='bbox 1205 1760 1253 1798; x_wconf 89' lang='lat' dir='ltr'>de</span> <span class='ocrx_word' id='word_1_201' title='bbox 1272 1758 1555 1808; x_wconf 86' lang='lat' dir='ltr'>Willingeham</span> <span class='ocrx_word' id='word_1_202' title='bbox 1576 1769 1665 1795; x_wconf 88' lang='lat' dir='ltr'>cum</span> 
     </span>
     <span class='ocr_line' id='line_1_25' title="bbox 190 1811 1666 1867; baseline -0.003 -15"><span class='ocrx_word' id='word_1_203' title='bbox 190 1815 370 1852; x_wconf 89' lang='lat' dir='ltr'>omnibus</span> <span class='ocrx_word' id='word_1_204' title='bbox 395 1814 646 1864; x_wconf 88' lang='lat' dir='ltr'>pertinenciis</span> <span class='ocrx_word' id='word_1_205' title='bbox 666 1814 745 1851; x_wconf 86' lang='lat' dir='ltr'>suis</span> <span class='ocrx_word' id='word_1_206' title='bbox 772 1814 815 1851; x_wconf 91' lang='lat' dir='ltr'>in</span> <span class='ocrx_word' id='word_1_207' title='bbox 836 1814 909 1866; x_wconf 84' lang='lat' dir='ltr'>[fo.</span> <span class='ocrx_word' id='word_1_208' title='bbox 933 1815 982 1853; x_wconf 84' lang='lat'>27</span> <span class='ocrx_word' id='word_1_209' title='bbox 985 1812 1018 1867; x_wconf 84' lang='lat' dir='ltr'>a]</span> <span class='ocrx_word' id='word_1_210' title='bbox 1038 1827 1173 1864; x_wconf 91' lang='lat' dir='ltr'>puram</span> <span class='ocrx_word' id='word_1_211' title='bbox 1196 1818 1235 1852; x_wconf 88' lang='lat' dir='ltr'>et</span> <span class='ocrx_word' id='word_1_212' title='bbox 1254 1816 1477 1864; x_wconf 88' lang='lat' dir='ltr'>perpetuam</span> <span class='ocrx_word' id='word_1_213' title='bbox 1497 1811 1666 1849; x_wconf 88' lang='lat' dir='ltr'>elemosi-</span> 
     </span>
     <span class='ocr_line' id='line_1_26' title="bbox 190 1866 1666 1917; baseline -0.003 -11"><span class='ocrx_word' id='word_1_214' title='bbox 190 1882 280 1906; x_wconf 86' lang='lat' dir='ltr'>nam</span> <span class='ocrx_word' id='word_1_215' title='bbox 300 1869 434 1907; x_wconf 90' lang='lat' dir='ltr'>domui</span> <span class='ocrx_word' id='word_1_216' title='bbox 453 1868 627 1917; x_wconf 86' lang='lat' dir='ltr'>religiose</span> <span class='ocrx_word' id='word_1_217' title='bbox 647 1868 694 1905; x_wconf 89' lang='lat' dir='ltr'>de</span> <span class='ocrx_word' id='word_1_218' title='bbox 714 1868 747 1905; x_wconf 83' lang='lat' dir='ltr'>F</span> <span class='ocrx_word' id='word_1_219' title='bbox 750 1881 832 1905; x_wconf 90' lang='lat' dir='ltr'>osse</span> <span class='ocrx_word' id='word_1_220' title='bbox 851 1872 960 1906; x_wconf 80' lang='lat' dir='ltr'>extra</span> <span class='ocrx_word' id='word_1_221' title='bbox 978 1869 1224 1906; x_wconf 86' lang='lat' dir='ltr'>Torkeseiam</span> <span class='ocrx_word' id='word_1_222' title='bbox 1243 1868 1345 1915; x_wconf 85' lang='lat' dir='ltr'>fecit,</span> <span class='ocrx_word' id='word_1_223' title='bbox 1367 1870 1405 1905; x_wconf 90' lang='lat' dir='ltr'>et</span> <span class='ocrx_word' id='word_1_224' title='bbox 1425 1866 1666 1905; x_wconf 89' lang='lat' dir='ltr'>Monialibus</span> 
     </span>
     <span class='ocr_line' id='line_1_27' title="bbox 188 1921 1666 1981; baseline -0.003 -20"><span class='ocrx_word' id='word_1_225' title='bbox 188 1923 335 1961; x_wconf 89' lang='lat' dir='ltr'>ibidem</span> <span class='ocrx_word' id='word_1_226' title='bbox 360 1923 431 1960; x_wconf 87' lang='lat' dir='ltr'>deo</span> <span class='ocrx_word' id='word_1_227' title='bbox 451 1922 708 1960; x_wconf 88' lang='lat' dir='ltr'>servientibus</span> <span class='ocrx_word' id='word_1_228' title='bbox 728 1925 765 1959; x_wconf 90' lang='lat' dir='ltr'>et</span> <span class='ocrx_word' id='word_1_229' title='bbox 784 1923 1068 1972; x_wconf 75' lang='lat' dir='ltr'>imperpetuum</span> <span class='ocrx_word' id='word_1_230' title='bbox 1086 1923 1309 1973; x_wconf 87' lang='lat' dir='ltr'>regulariter</span> <span class='ocrx_word' id='word_1_231' title='bbox 1322 1921 1532 1967; x_wconf 88' lang='lat' dir='ltr'>servituris,</span> <span class='ocrx_word' id='word_1_232' title='bbox 1549 1932 1666 1981; x_wconf 78' lang='lat' dir='ltr'>quam</span> 
     </span>
     <span class='ocr_line' id='line_1_28' title="bbox 190 1975 1665 2026; baseline -0.003 -11"><span class='ocrx_word' id='word_1_233' title='bbox 190 1978 310 2015; x_wconf 84' lang='lat' dir='ltr'>eciam</span> <span class='ocrx_word' id='word_1_234' title='bbox 338 1977 530 2015; x_wconf 86' lang='lat' dir='ltr'>Robertus</span> <span class='ocrx_word' id='word_1_235' title='bbox 558 1976 689 2014; x_wconf 83' lang='lat' dir='ltr'>Marin</span> <span class='ocrx_word' id='word_1_236' title='bbox 717 1976 844 2014; x_wconf 89' lang='lat' dir='ltr'>senior</span> <span class='ocrx_word' id='word_1_237' title='bbox 872 1980 910 2014; x_wconf 90' lang='lat' dir='ltr'>et</span> <span class='ocrx_word' id='word_1_238' title='bbox 938 1980 1025 2026; x_wconf 88' lang='lat' dir='ltr'>post</span> <span class='ocrx_word' id='word_1_239' title='bbox 1053 1978 1213 2015; x_wconf 88' lang='lat' dir='ltr'>modum</span> <span class='ocrx_word' id='word_1_240' title='bbox 1241 1977 1434 2015; x_wconf 83' lang='lat' dir='ltr'>Robertus</span> <span class='ocrx_word' id='word_1_241' title='bbox 1458 1975 1561 2012; x_wconf 90' lang='lat' dir='ltr'>filius</span> <span class='ocrx_word' id='word_1_242' title='bbox 1582 1975 1665 2023; x_wconf 84' lang='lat' dir='ltr'>ejus</span> 
     </span>
     <span class='ocr_line' id='line_1_29' title="bbox 190 2030 1665 2081; baseline -0.003 -12"><span class='ocrx_word' id='word_1_243' title='bbox 190 2034 388 2081; x_wconf 86' lang='lat' dir='ltr'>tamquam</span> <span class='ocrx_word' id='word_1_244' title='bbox 411 2031 593 2081; x_wconf 87' lang='lat' dir='ltr'>capitales</span> <span class='ocrx_word' id='word_1_245' title='bbox 613 2030 762 2068; x_wconf 90' lang='lat' dir='ltr'>domini</span> <span class='ocrx_word' id='word_1_246' title='bbox 780 2031 885 2068; x_wconf 81' lang='lat' dir='ltr'>feodi</span> <span class='ocrx_word' id='word_1_247' title='bbox 903 2031 958 2068; x_wconf 90' lang='lat' dir='ltr'>eis</span> <span class='ocrx_word' id='word_1_248' title='bbox 973 2032 1307 2075; x_wconf 85' lang='lat' dir='ltr'>confirmaverunt,</span> <span class='ocrx_word' id='word_1_249' title='bbox 1323 2033 1446 2068; x_wconf 87' lang='lat' dir='ltr'>ratam</span> <span class='ocrx_word' id='word_1_250' title='bbox 1461 2033 1498 2066; x_wconf 91' lang='lat' dir='ltr'>et</span> <span class='ocrx_word' id='word_1_251' title='bbox 1517 2032 1665 2078; x_wconf 85' lang='lat' dir='ltr'>gratam</span> 
     </span>
     <span class='ocr_line' id='line_1_30' title="bbox 189 2082 1664 2135; baseline -0.003 -11"><span class='ocrx_word' id='word_1_252' title='bbox 189 2086 388 2134; x_wconf 89' lang='lat' dir='ltr'>habemus,</span> <span class='ocrx_word' id='word_1_253' title='bbox 397 2098 556 2135; x_wconf 86' lang='lat' dir='ltr'>eamque</span> <span class='ocrx_word' id='word_1_254' title='bbox 569 2085 669 2123; x_wconf 91' lang='lat' dir='ltr'>sicut</span> <span class='ocrx_word' id='word_1_255' title='bbox 680 2085 965 2123; x_wconf 88' lang='lat' dir='ltr'>racionabiliter</span> <span class='ocrx_word' id='word_1_256' title='bbox 976 2086 1077 2124; x_wconf 86' lang='lat' dir='ltr'>facta</span> <span class='ocrx_word' id='word_1_257' title='bbox 1089 2089 1146 2124; x_wconf 88' lang='lat' dir='ltr'>est</span> <span class='ocrx_word' id='word_1_258' title='bbox 1158 2086 1211 2123; x_wconf 89' lang='lat' dir='ltr'>eis</span> <span class='ocrx_word' id='word_1_259' title='bbox 1218 2085 1443 2124; x_wconf 86' lang='lat' dir='ltr'>auctoritate</span> <span class='ocrx_word' id='word_1_260' title='bbox 1456 2082 1664 2133; x_wconf 87' lang='lat' dir='ltr'>episcopali</span> 
     </span>
     <span class='ocr_line' id='line_1_31' title="bbox 189 2137 1663 2189; baseline -0.003 -11"><span class='ocrx_word' id='word_1_261' title='bbox 189 2140 469 2178; x_wconf 87' lang='lat' dir='ltr'>confirmamus.</span> <span class='ocrx_word' id='word_1_262' title='bbox 529 2139 656 2178; x_wconf 82' lang='lat' dir='ltr'>Salvis</span> <span class='ocrx_word' id='word_1_263' title='bbox 671 2139 714 2176; x_wconf 89' lang='lat' dir='ltr'>in</span> <span class='ocrx_word' id='word_1_264' title='bbox 729 2139 909 2177; x_wconf 90' lang='lat' dir='ltr'>omnibus</span> <span class='ocrx_word' id='word_1_265' title='bbox 926 2138 991 2178; x_wconf 69' lang='lat' dir='ltr'>&amp;c</span> <span class='ocrx_word' id='word_1_266' title='bbox 1051 2139 1167 2188; x_wconf 74' lang='lat' dir='ltr'>Quod</span> <span class='ocrx_word' id='word_1_267' title='bbox 1181 2142 1225 2178; x_wconf 88' lang='lat' dir='ltr'>ut</span> <span class='ocrx_word' id='word_1_268' title='bbox 1244 2142 1469 2189; x_wconf 87' lang='lat' dir='ltr'>perpetuam</span> <span class='ocrx_word' id='word_1_269' title='bbox 1490 2137 1663 2175; x_wconf 87' lang='lat' dir='ltr'>obtineat</span> 
     </span>
     <span class='ocr_line' id='line_1_32' title="bbox 189 2191 1664 2244; baseline -0.003 -12"><span class='ocrx_word' id='word_1_270' title='bbox 189 2191 430 2232; x_wconf 41' lang='lat' dir='ltr'>firmitatem*</span> <span class='ocrx_word' id='word_1_271' title='bbox 444 2194 616 2244; x_wconf 85' lang='lat' dir='ltr'>presenti</span> <span class='ocrx_word' id='word_1_272' title='bbox 648 2194 791 2243; x_wconf 87' lang='lat' dir='ltr'>scripto</span> <span class='ocrx_word' id='word_1_273' title='bbox 820 2196 859 2231; x_wconf 91' lang='lat' dir='ltr'>et</span> <span class='ocrx_word' id='word_1_274' title='bbox 892 2194 1011 2244; x_wconf 84' lang='lat' dir='ltr'>sigilli</span> <span class='ocrx_word' id='word_1_275' title='bbox 1038 2195 1161 2232; x_wconf 86' lang='lat' dir='ltr'>nostri</span> <span class='ocrx_word' id='word_1_276' title='bbox 1197 2194 1442 2244; x_wconf 88' lang='lat' dir='ltr'>apposicione</span> <span class='ocrx_word' id='word_1_277' title='bbox 1479 2191 1664 2229; x_wconf 85' lang='lat' dir='ltr'>duximus</span> 
     </span>
     <span class='ocr_line' id='line_1_33' title="bbox 189 2245 1664 2297; baseline -0.003 -11"><span class='ocrx_word' id='word_1_278' title='bbox 189 2249 457 2287; x_wconf 88' lang='lat' dir='ltr'>roborandum.</span> <span class='ocrx_word' id='word_1_279' title='bbox 521 2248 613 2286; x_wconf 90' lang='lat' dir='ltr'>Hiis</span> <span class='ocrx_word' id='word_1_280' title='bbox 649 2248 814 2286; x_wconf 87' lang='lat' dir='ltr'>testibus</span> <span class='ocrx_word' id='word_1_281' title='bbox 851 2248 999 2297; x_wconf 86' lang='lat' dir='ltr'>Rogero</span> <span class='ocrx_word' id='word_1_282' title='bbox 1037 2247 1207 2296; x_wconf 87' lang='lat' dir='ltr'>Decan0‚</span> <span class='ocrx_word' id='word_1_283' title='bbox 1247 2248 1395 2297; x_wconf 85' lang='lat' dir='ltr'>Rogero</span> <span class='ocrx_word' id='word_1_284' title='bbox 1426 2245 1664 2285; x_wconf 88' lang='lat' dir='ltr'>Cancellario</span> 
     </span>
     <span class='ocr_line' id='line_1_34' title="bbox 189 2297 1663 2351; baseline -0.003 -11"><span class='ocrx_word' id='word_1_285' title='bbox 189 2303 310 2350; x_wconf 90' lang='lat' dir='ltr'>Linc&#39;,</span> <span class='ocrx_word' id='word_1_286' title='bbox 331 2303 479 2341; x_wconf 88' lang='lat' dir='ltr'>Thoma</span> <span class='ocrx_word' id='word_1_287' title='bbox 498 2302 546 2340; x_wconf 89' lang='lat' dir='ltr'>de</span> <span class='ocrx_word' id='word_1_288' title='bbox 565 2303 597 2339; x_wconf 84' lang='lat' dir='ltr'><strong>F</strong></span> <span class='ocrx_word' id='word_1_289' title='bbox 599 2302 781 2340; x_wconf 86' lang='lat' dir='ltr'>iskerton&#39;</span> <span class='ocrx_word' id='word_1_290' title='bbox 806 2305 844 2340; x_wconf 86' lang='lat' dir='ltr'>et</span> <span class='ocrx_word' id='word_1_291' title='bbox 864 2302 1013 2351; x_wconf 85' lang='lat' dir='ltr'>Rogero</span> <span class='ocrx_word' id='word_1_292' title='bbox 1033 2303 1081 2340; x_wconf 91' lang='lat' dir='ltr'>de</span> <span class='ocrx_word' id='word_1_293' title='bbox 1101 2302 1271 2340; x_wconf 89' lang='lat' dir='ltr'>Bristoll&#39;</span> <span class='ocrx_word' id='word_1_294' title='bbox 1298 2301 1505 2351; x_wconf 86' lang='lat' dir='ltr'>capellanis</span> <span class='ocrx_word' id='word_1_295' title='bbox 1529 2297 1663 2337; x_wconf 89' lang='lat' dir='ltr'>canon&#39;</span> 
     </span>
     <span class='ocr_line' id='line_1_35' title="bbox 189 2353 1664 2407; baseline -0.003 -12"><span class='ocrx_word' id='word_1_296' title='bbox 189 2357 308 2405; x_wconf 86' lang='lat' dir='ltr'>Linc&#39;,</span> <span class='ocrx_word' id='word_1_297' title='bbox 331 2357 529 2407; x_wconf 86' lang='lat' dir='ltr'>Magistris</span> <span class='ocrx_word' id='word_1_298' title='bbox 557 2356 621 2394; x_wconf 91' lang='lat' dir='ltr'>W.</span> <span class='ocrx_word' id='word_1_299' title='bbox 645 2356 692 2394; x_wconf 91' lang='lat' dir='ltr'>de</span> <span class='ocrx_word' id='word_1_300' title='bbox 715 2356 836 2404; x_wconf 84' lang='lat' dir='ltr'>Linc&#39;,</span> <span class='ocrx_word' id='word_1_301' title='bbox 856 2356 999 2394; x_wconf 90' lang='lat' dir='ltr'>Theob’</span> <span class='ocrx_word' id='word_1_302' title='bbox 1020 2357 1067 2394; x_wconf 90' lang='lat' dir='ltr'>de</span> <span class='ocrx_word' id='word_1_303' title='bbox 1096 2357 1239 2395; x_wconf 83' lang='lat' dir='ltr'>Cancia</span> <span class='ocrx_word' id='word_1_304' title='bbox 1262 2360 1300 2394; x_wconf 89' lang='lat' dir='ltr'>et</span> <span class='ocrx_word' id='word_1_305' title='bbox 1328 2356 1443 2394; x_wconf 90' lang='lat' dir='ltr'>Petro</span> <span class='ocrx_word' id='word_1_306' title='bbox 1472 2354 1520 2392; x_wconf 90' lang='lat' dir='ltr'>de</span> <span class='ocrx_word' id='word_1_307' title='bbox 1548 2353 1664 2391; x_wconf 88' lang='lat' dir='ltr'>Bath&#39;</span> 
     </span>
     <span class='ocr_line' id='line_1_36' title="bbox 190 2408 1663 2460; baseline -0.003 -11"><span class='ocrx_word' id='word_1_308' title='bbox 190 2411 322 2449; x_wconf 89' lang='lat' dir='ltr'>canon’</span> <span class='ocrx_word' id='word_1_309' title='bbox 342 2410 464 2458; x_wconf 89' lang='lat' dir='ltr'>Linc’,</span> <span class='ocrx_word' id='word_1_310' title='bbox 486 2411 651 2449; x_wconf 82' lang='lat' dir='ltr'>Ricardo</span> <span class='ocrx_word' id='word_1_311' title='bbox 672 2411 720 2448; x_wconf 89' lang='lat' dir='ltr'>de</span> <span class='ocrx_word' id='word_1_312' title='bbox 740 2409 878 2457; x_wconf 79' lang='lat' dir='ltr'>Oxon&#39;,</span> <span class='ocrx_word' id='word_1_313' title='bbox 900 2411 1099 2460; x_wconf 80' lang='lat' dir='ltr'>Stephano</span> <span class='ocrx_word' id='word_1_314' title='bbox 1129 2411 1176 2448; x_wconf 89' lang='lat' dir='ltr'>de</span> <span class='ocrx_word' id='word_1_315' title='bbox 1197 2410 1352 2450; x_wconf 87' lang='lat' dir='ltr'>Cicestr&#39;</span> <span class='ocrx_word' id='word_1_316' title='bbox 1374 2414 1412 2447; x_wconf 87' lang='lat' dir='ltr'>et</span> <span class='ocrx_word' id='word_1_317' title='bbox 1431 2409 1587 2447; x_wconf 88' lang='lat' dir='ltr'>Olivero</span> <span class='ocrx_word' id='word_1_318' title='bbox 1615 2408 1663 2445; x_wconf 89' lang='lat' dir='ltr'>de</span> 
     </span>
     <span class='ocr_line' id='line_1_37' title="bbox 190 2462 1661 2515; baseline -0.003 -11"><span class='ocrx_word' id='word_1_319' title='bbox 190 2465 370 2515; x_wconf 81' lang='lat' dir='ltr'>Chesney</span> <span class='ocrx_word' id='word_1_320' title='bbox 390 2465 547 2513; x_wconf 88' lang='lat' dir='ltr'>clericis,</span> <span class='ocrx_word' id='word_1_321' title='bbox 569 2469 606 2503; x_wconf 92' lang='lat' dir='ltr'>et</span> <span class='ocrx_word' id='word_1_322' title='bbox 626 2464 722 2503; x_wconf 82' lang='lat' dir='ltr'>aliis.</span> <span class='ocrx_word' id='word_1_323' title='bbox 781 2465 872 2503; x_wconf 86' lang='lat' dir='ltr'>Dat&#39;</span> <span class='ocrx_word' id='word_1_324' title='bbox 890 2478 959 2514; x_wconf 90' lang='lat' dir='ltr'>per</span> <span class='ocrx_word' id='word_1_325' title='bbox 985 2478 1144 2503; x_wconf 88' lang='lat' dir='ltr'>manum</span> <span class='ocrx_word' id='word_1_326' title='bbox 1164 2465 1370 2503; x_wconf 89' lang='lat' dir='ltr'>Willielmi</span> <span class='ocrx_word' id='word_1_327' title='bbox 1398 2464 1446 2501; x_wconf 91' lang='lat' dir='ltr'>de</span> <span class='ocrx_word' id='word_1_328' title='bbox 1473 2462 1661 2500; x_wconf 81' lang='lat' dir='ltr'>Thornac&#39;</span> 
     </span>
     <span class='ocr_line' id='line_1_38' title="bbox 189 2516 1663 2570; baseline -0.003 -13"><span class='ocrx_word' id='word_1_329' title='bbox 189 2519 349 2557; x_wconf 86' lang='lat' dir='ltr'>Archid’</span> <span class='ocrx_word' id='word_1_330' title='bbox 380 2519 520 2567; x_wconf 86' lang='lat' dir='ltr'>Stowe,</span> <span class='ocrx_word' id='word_1_331' title='bbox 550 2519 655 2569; x_wconf 86' lang='lat' dir='ltr'>apud</span> <span class='ocrx_word' id='word_1_332' title='bbox 683 2519 838 2557; x_wconf 87' lang='lat' dir='ltr'>Lafford</span> <span class='ocrx_word' id='word_1_333' title='bbox 866 2532 893 2558; x_wconf 90' lang='lat' dir='ltr'>v</span> <span class='ocrx_word' id='word_1_334' title='bbox 917 2519 1013 2557; x_wconf 89' lang='lat' dir='ltr'>Idus</span> <span class='ocrx_word' id='word_1_335' title='bbox 1035 2519 1235 2558; x_wconf 87' lang='lat' dir='ltr'>Februarii</span> <span class='ocrx_word' id='word_1_336' title='bbox 1263 2518 1511 2570; x_wconf 88' lang='lat' dir='ltr'>pontificatus</span> <span class='ocrx_word' id='word_1_337' title='bbox 1539 2516 1663 2554; x_wconf 89' lang='lat' dir='ltr'>nostri</span> 
     </span>
     <span class='ocr_line' id='line_1_39' title="bbox 190 2574 385 2612; baseline 0.005 -1"><span class='ocrx_word' id='word_1_338' title='bbox 190 2586 292 2611; x_wconf 86' lang='lat' dir='ltr'>anno</span> <span class='ocrx_word' id='word_1_339' title='bbox 312 2574 385 2612; x_wconf 84' lang='lat' dir='ltr'>ix0.</span> 
     </span>
    </p>
   </div>
   <div class='ocr_carea' id='block_1_6' title="bbox 191 2682 1663 2949">
    <p class='ocr_par' dir='ltr' id='par_1_7' title="bbox 273 2682 1062 2731">
     <span class='ocr_line' id='line_1_40' title="bbox 273 2682 1062 2731; baseline -0.005 -8"><span class='ocrx_word' id='word_1_340' title='bbox 273 2691 550 2726; x_wconf 76' lang='lat' dir='ltr'>ORnlNAclo</span> <span class='ocrx_word' id='word_1_341' title='bbox 569 2682 710 2720; x_wconf 80' lang='lat' dir='ltr'>vicarie</span> <span class='ocrx_word' id='word_1_342' title='bbox 730 2683 775 2720; x_wconf 83' lang='lat' dir='ltr'>de</span> <span class='ocrx_word' id='word_1_343' title='bbox 794 2682 1062 2731; x_wconf 70' lang='lat' dir='ltr'>Bilinqburqh.</span> 
     </span>
    </p>

    <p class='ocr_par' dir='ltr' id='par_1_8' title="bbox 191 2733 1663 2949">
     <span class='ocr_line' id='line_1_41' title="bbox 273 2733 1663 2785; baseline -0.001 -12"><span class='ocrx_word' id='word_1_344' title='bbox 273 2736 466 2774; x_wconf 90' lang='lat' dir='ltr'>Omnibus</span> <span class='ocrx_word' id='word_1_345' title='bbox 503 2737 563 2775; x_wconf 71' lang='grc'>816.</span> <span class='ocrx_word' id='word_1_346' title='bbox 623 2736 788 2774; x_wconf 85' lang='lat' dir='ltr'>Noverit</span> <span class='ocrx_word' id='word_1_347' title='bbox 833 2737 1064 2775; x_wconf 85' lang='lat' dir='ltr'>universitas</span> <span class='ocrx_word' id='word_1_348' title='bbox 1109 2738 1235 2774; x_wconf 86' lang='lat' dir='ltr'>vestra</span> <span class='ocrx_word' id='word_1_349' title='bbox 1279 2735 1384 2785; x_wconf 87' lang='lat' dir='ltr'>quod</span> <span class='ocrx_word' id='word_1_350' title='bbox 1420 2734 1584 2773; x_wconf 88' lang='lat' dir='ltr'>dilectus</span> <span class='ocrx_word' id='word_1_351' title='bbox 1620 2733 1663 2771; x_wconf 89' lang='lat' dir='ltr'>in</span> 
     </span>
     <span class='ocr_line' id='line_1_42' title="bbox 193 2788 1662 2841; baseline -0.003 -12"><span class='ocrx_word' id='word_1_352' title='bbox 193 2790 349 2829; x_wconf 88' lang='lat' dir='ltr'>Christo</span> <span class='ocrx_word' id='word_1_353' title='bbox 376 2790 480 2828; x_wconf 88' lang='lat' dir='ltr'>filius</span> <span class='ocrx_word' id='word_1_354' title='bbox 503 2790 690 2840; x_wconf 86' lang='lat' dir='ltr'>Magister</span> <span class='ocrx_word' id='word_1_355' title='bbox 716 2790 954 2841; x_wconf 85' lang='lat' dir='ltr'>Reginaldus</span> <span class='ocrx_word' id='word_1_356' title='bbox 982 2790 1029 2828; x_wconf 93' lang='lat' dir='ltr'>de</span> <span class='ocrx_word' id='word_1_357' title='bbox 1059 2789 1177 2829; x_wconf 86' lang='lat' dir='ltr'>Cestr&#39;</span> <span class='ocrx_word' id='word_1_358' title='bbox 1200 2789 1384 2828; x_wconf 89' lang='lat' dir='ltr'>Officialis</span> <span class='ocrx_word' id='word_1_359' title='bbox 1411 2792 1540 2827; x_wconf 89' lang='lat' dir='ltr'>noster</span> <span class='ocrx_word' id='word_1_360' title='bbox 1568 2788 1662 2825; x_wconf 90' lang='lat' dir='ltr'>dum</span> 
     </span>
     <span class='ocr_line' id='line_1_43' title="bbox 191 2843 1662 2894; baseline -0.002 -12"><span class='ocrx_word' id='word_1_361' title='bbox 191 2857 359 2882; x_wconf 89' lang='lat' dir='ltr'>essemus</span> <span class='ocrx_word' id='word_1_362' title='bbox 378 2844 421 2882; x_wconf 88' lang='lat' dir='ltr'>in</span> <span class='ocrx_word' id='word_1_363' title='bbox 439 2845 614 2894; x_wconf 88' lang='lat' dir='ltr'>partibus</span> <span class='ocrx_word' id='word_1_364' title='bbox 641 2845 905 2883; x_wconf 87' lang='lat' dir='ltr'>transmarinis</span> <span class='ocrx_word' id='word_1_365' title='bbox 933 2845 1158 2882; x_wconf 87' lang='lat' dir='ltr'>auctoritate</span> <span class='ocrx_word' id='word_1_366' title='bbox 1186 2845 1222 2882; x_wconf 93' lang='lat' dir='ltr'>ei</span> <span class='ocrx_word' id='word_1_367' title='bbox 1249 2857 1272 2882; x_wconf 88' lang='lat' dir='ltr'>a</span> <span class='ocrx_word' id='word_1_368' title='bbox 1298 2843 1410 2882; x_wconf 88' lang='lat' dir='ltr'>nobis</span> <span class='ocrx_word' id='word_1_369' title='bbox 1429 2855 1605 2881; x_wconf 86' lang='lat' dir='ltr'>concessa</span> <span class='ocrx_word' id='word_1_370' title='bbox 1624 2845 1662 2879; x_wconf 88' lang='lat' dir='ltr'>et</span> 
     </span>
     <span class='ocr_line' id='line_1_44' title="bbox 193 2895 1661 2949; baseline -0.002 -13"><span class='ocrx_word' id='word_1_371' title='bbox 193 2898 394 2937; x_wconf 86' lang='lat' dir='ltr'>commissa</span> <span class='ocrx_word' id='word_1_372' title='bbox 405 2899 612 2937; x_wconf 89' lang='lat' dir='ltr'>ordinandi</span> <span class='ocrx_word' id='word_1_373' title='bbox 623 2902 662 2937; x_wconf 88' lang='lat' dir='ltr'>et</span> <span class='ocrx_word' id='word_1_374' title='bbox 673 2900 931 2949; x_wconf 88' lang='lat' dir='ltr'>provisionem</span> <span class='ocrx_word' id='word_1_375' title='bbox 942 2899 1110 2937; x_wconf 85' lang='lat' dir='ltr'>faciendi</span> <span class='ocrx_word' id='word_1_376' title='bbox 1121 2899 1164 2936; x_wconf 91' lang='lat' dir='ltr'>in</span> <span class='ocrx_word' id='word_1_377' title='bbox 1176 2898 1334 2937; x_wconf 87' lang='lat' dir='ltr'>ecclesia</span> <span class='ocrx_word' id='word_1_378' title='bbox 1343 2898 1392 2936; x_wconf 88' lang='lat' dir='ltr'>de</span> <span class='ocrx_word' id='word_1_379' title='bbox 1404 2895 1661 2947; x_wconf 85' lang='lat' dir='ltr'>Bilingburgh</span> 
     </span>
    </p>
   </div>
  </div>
 </body>
</html>
