1844 3178
665 312 872 346 HUGONIS
902 311 1064 345 WELLS.
1544 299 1597 337 29

224 420 458 455 DYNESLE.
517 412 670 451 Vicaria
696 411 738 449 in
765 409 921 448 ecclesia
943 409 991 447 de
1019 406 1180 458 Dynesl’
1207 419 1282 457 que
1309 409 1368 444 est
1394 408 1599 446 earundem

141 467 365 506 auctoritate
384 466 536 505 concilii
564 466 738 505 ordinata
764 464 940 502 consistit
967 463 1010 501 in
1036 465 1118 500 toto
1146 461 1328 510 altaragio
1355 473 1443 498 cum
1464 473 1596 499 manso

142 524 381 571 competente
400 524 438 558 et
457 521 499 558 in
518 534 595 558 una
622 532 708 558 acra
737 519 781 556 in
813 530 892 555 uno
924 530 1057 566 campo
1086 519 1124 554 et
1151 515 1226 553 alia
1252 515 1295 552 in
1323 514 1398 552 alio
1417 517 1456 552 et
1474 515 1599 553 solvet

141 576 306 613 vicarius
312 574 544 612 monialibus
558 575 653 612 duas
664 584 808 611 marcas
820 584 966 609 annuas
981 575 1019 608 et
1028 568 1276 619 respondebit
1288 568 1336 606 de
1347 568 1598 606 sinodalibus:

142 629 326 666 moniales
347 641 434 666 vero
453 628 668 679 hospicium
683 625 941 665 archidiaconi
955 624 1224 674 procurabunt.

224 759 535 793 KEmlNGTON.
588 751 743 789 Vicaria
761 750 803 787 in
822 749 979 787 ecclesia
998 748 1045 786 de
1059 747 1276 786 Keminton
1296 759 1370 796 que
1390 748 1448 783 est
1467 746 1603 796 prioris

143 810 181 844 013
208 809 421 844 conventus
449 806 496 843 de
525 806 680 843 Merton
712 804 909 842 exdudum
941 802 1116 840 ordinata
1143 801 1319 839 consistit
1351 800 1393 837 in
1421 800 1600 838 omnibus

143 860 304 897 minutis
337 860 493 897 decimis
530 863 568 897 et
605 857 907 896 obvencionibus
944 860 982 894 et
1018 856 1128 893 terris
1164 855 1214 892 ad
1249 855 1372 904 ipsam
1407 854 1604 891 ecclesiam

142 913 426 963 pertinentibus
445 916 483 951 et
501 914 544 950 in
563 912 794 963 quibusdam
813 911 970 949 decimis
990 909 1098 948 bladi
1115 909 1158 946 in
1176 908 1269 947 villa
1291 908 1338 945 de
1357 907 1572 946 Bikeword.

224 1044 443 1077 SANDON.
500 1037 654 1074 vicaria
686 1037 727 1073 in
764 1034 921 1073 ecclesia
956 1033 1003 1071 de
1038 1032 1196 1071 Sandon
1232 1044 1307 1081 que
1344 1034 1402 1069 est
1430 1030 1603 1080 Capituli

145 1091 183 1130 S.
206 1091 320 1128 Pauli
338 1090 513 1129 London’
533 1090 729 1128 exdudum
758 1089 932 1126 ordinata
960 1087 1136 1125 consistit
1162 1087 1205 1123 in
1233 1085 1412 1123 omnibus
1440 1085 1604 1122 minutis

145 1145 302 1182 decimis
322 1148 359 1182 et
379 1144 680 1182 obvencionibus
709 1143 838 1180 altaris
866 1141 1036 1191 exceptis
1064 1140 1228 1178 minutis
1258 1139 1416 1178 decimis
1441 1138 1605 1176 domini-

147 1211 277 1236 corum
297 1202 335 1236 et
354 1198 560 1236 sustinebit
579 1198 743 1236 vicarius
762 1196 890 1234 omnia
908 1207 1032 1233 onera.

225 1329 432 1364 ΟΜΝΙυΜ
468 1328 781 1363 SANCTORUM
814 1327 876 1360 DE
907 1325 1189 1359 HERTFORD'.
1226 1317 1380 1354 Vicaria
1394 1317 1437 1354 in
1451 1316 1605 1354 ecclesia

145 1378 193 1415 de
223 1375 418 1414 Hertford’
437 1388 511 1424 que
532 1379 589 1413 est
604 1375 755 1412 abbatis
774 1377 812 1411 et
832 1376 1045 1410 conventus
1073 1372 1121 1408 de
1149 1371 1362 1408 Wautham
1380 1371 1605 1408 auctoritate

145 1430 298 1469 concilii
352 1429 528 1466 ordinata
583 1428 757 1466 consistit
815 1428 858 1464 in
913 1425 1092 1463 omnibus
1138 1425 1300 1462 minutis
1355 1424 1512 1462 decimis
1567 1427 1605 1461 et

145 1484 447 1522 obvencionibus
475 1483 605 1520 altaris
634 1486 671 1520 et
699 1482 822 1519 solvet
849 1480 964 1518 dictis
991 1479 1123 1516 abbati
1142 1482 1180 1516 013
1203 1479 1412 1516 conventui
1439 1490 1607 1515 annuam

145 1539 370 1588 pensionem
401 1537 520 1574 trium
552 1548 762 1573 marcarum
801 1547 887 1572 cum
925 1546 1008 1571 eam
1045 1532 1291 1582 probaverint
1328 1545 1408 1569 esse
1436 1532 1606 1569 debitam

145 1595 183 1630 et
201 1593 411 1641 antiquam.
470 1590 686 1629 Sustinebit
715 1590 834 1628 eciam
853 1588 1017 1626 vicarius
1037 1587 1166 1624 omnia
1185 1598 1299 1624 onera
1323 1586 1429 1624 illius
1448 1585 1603 1623 ecclesie

147 1645 346 1684 ordinaria.

225 1776 265 1811 S.
294 1775 546 1810 dol-{ANNJS
575 1774 637 1808 DE
665 1773 844 1808 EADEM.
881 1766 1036 1805 Vicaria
1071 1766 1114 1803 in
1151 1764 1309 1803 ecclesia
1349 1763 1388 1802 S.
1413 1763 1607 1801 Johannis

148 1823 345 1861 Hertford'
365 1835 438 1872 que
461 1825 518 1859 est
537 1821 808 1859 monachorum
836 1820 982 1858 ibidem
1000 1810 1234 1857 'auctoritate
1262 1817 1416 1856 concilii
1434 1817 1609 1855 ordinata

147 1877 324 1915 consistit
342 1877 385 1914 in
405 1876 584 1913 omnibus
603 1875 764 1912 minutis
785 1874 942 1911 decimis
959 1874 1081 1923 ipsius
1101 1873 1256 1910 ecclesie
1275 1875 1402 1921 preter
1420 1871 1608 1909 decimam

147 1932 220 1969 lini
248 1934 286 1968 et
315 1930 494 1968 omnibus
526 1929 790 1967 oblacionibus
817 1928 1019 1965 offerendis
1051 1927 1207 1965 nomine
1241 1926 1473 1963 decimarum
1502 1929 1539 1962 et
1565 1925 1609 1961 in

149 1985 315 2022 denariis
342 1983 560 2021 missalibus
588 1986 627 2020 et
654 1983 694 2020 in
727 1985 809 2019 toto
842 1995 942 2031 pane
973 1982 1103 2019 altaris
1132 1985 1170 2018 et
1196 1981 1239 2017 in
1267 1980 1463 2017 oblacione
1491 1979 1608 2016 trium

151 2036 234 2089 [Fo.
251 2036 312 2090 9¹0]
334 2038 574 2075 denariorum
595 2037 657 2074 die
671 2036 791 2073 natali
811 2039 849 2073 et
867 2036 911 2073 in
929 2038 1012 2073 tota
1034 2035 1231 2072 oblacione
1252 2037 1290 2071 et
1306 2033 1541 2071 obvencione
1560 2032 1610 2069 ad

150 2093 312 2142 primam
349 2092 503 2129 missam
545 2090 607 2128 die
652 2103 763 2139 pasce
810 2093 849 2127 et
885 2090 928 2127 in
963 2089 1169 2126 medietate
1206 2087 1488 2125 obvencionum
1526 2098 1610 2135 pro-

150 2146 392 2184 veniencium
412 2145 460 2182 de
479 2144 721 2194 sponsalibus
746 2147 784 2180 et
803 2143 844 2180 in
867 2143 1046 2181 omnibus
1066 2141 1368 2180 obvencionibus
1386 2141 1611 2190 provenien-

150 2200 255 2237 tibus
275 2199 322 2237 de
345 2198 647 2237 confessionibus
675 2200 714 2235 et
741 2197 1006 2234 tricentalibus
1035 2199 1074 2234 et
1101 2195 1332 2233 annualibus
1360 2197 1398 2232 et
1426 2194 1610 2243 percipiet

150 2254 314 2291 vicarius
328 2266 447 2291 unum
463 2265 602 2302 panem
617 2251 796 2289 monachi
812 2254 850 2288 et
864 2254 940 2288 tres
954 2251 1108 2300 galones
1124 2249 1280 2287 cervisie
1295 2248 1457 2297 singulis
1474 2248 1610 2285 diebus

150 2311 188 2345 et
207 2308 403 2356 potagium
422 2311 606 2355 tanquam
624 2305 833 2342 monachus
857 2308 894 2342 et
920 2309 1005 2342 octo
1034 2304 1099 2341 sol'
1122 2307 1159 2341 et
1179 2307 1264 2341 octo
1284 2302 1368 2340 den’
1388 2315 1455 2351 per
1473 2314 1610 2339 manus

150 2361 286 2410 prioris
314 2374 380 2410 per
407 2373 561 2399 annum.
637 2359 739 2397 Item
765 2359 949 2408 percipiet
976 2358 1142 2395 decimas
1170 2357 1277 2395 bladi
1304 2356 1352 2394 de
1380 2368 1513 2405 campo
1541 2355 1610 2404 qui

151 2415 291 2452 dicitur
310 2414 570 2464 Grymestede.
629 2413 682 2451 Et
700 2413 803 2451 valet
822 2413 963 2451 vicaria
982 2412 1043 2451 Os.

233 2543 529 2578 BENlNGEHO.
585 2537 739 2575 Vicaria
784 2537 827 2574 in
872 2535 1029 2574 ecclesia
1073 2535 1121 2573 de
1168 2533 1391 2583 Beningeho
1439 2545 1513 2582 que
1553 2535 1611 2569 est

151 2591 286 2642 prioris
323 2591 371 2628 de
407 2591 665 2629 Bermundese
702 2590 899 2628 exdudum
932 2589 1107 2627 ordinata
1143 2588 1319 2626 consistit
1351 2588 1393 2624 in
1430 2586 1609 2624 omnibus

152 2646 313 2683 minutis
350 2645 506 2682 decimis
543 2649 580 2682 et
618 2644 920 2682 obvencionibus
948 2643 1099 2681 altaris:
1128 2646 1166 2680 et
1202 2641 1410 2680 sustinebit
1445 2641 1610 2678 vicarius

153 2699 281 2737 omnia
309 2711 423 2736 onera
455 2698 645 2736 ordinaria
679 2701 804 2747 preter
835 2698 1053 2747 hospicium
1087 2695 1345 2734 archidiaconi
1377 2694 1481 2744 quod
1508 2694 1612 2743 prior

153 2752 381 2803 procurabit.
440 2751 573 2790 Solvet
600 2755 729 2790 autem
745 2752 920 2800 *vicarius
946 2764 1068 2789 unum
1087 2750 1298 2789 bisantium
1317 2760 1488 2786 annuum
1508 2747 1611 2785 dicto

153 2807 271 2857 priori
290 2806 326 2844 ei
344 2806 518 2845 debitum
537 2806 585 2844 ab
604 2806 775 2856 antiquo.
