1844 3178
719 318 927 354 HUGONIS
955 319 1119 354 WELLS.
1576 312 1654 352 101

209 418 382 457 Galfrido
420 418 658 466 Precentore,
692 418 738 456 R.
774 417 1032 464 Huntindon',
1063 417 1101 456 J.
1137 416 1349 463 Bedeford’,
1379 419 1417 454 et
1449 417 1500 456 H.
1531 419 1660 459 Stowe

208 471 494 519 archidiaconis,
523 472 703 510 Johanne
731 471 967 518 Subdeoano,
996 471 1192 520 Magistris
1219 470 1266 508 A.
1297 470 1345 508 de
1373 470 1411 509 S'
1439 470 1659 521 Edmundo,

207 525 371 563 Ricardo
399 526 446 563 de
473 525 688 573 Lindwud',
710 525 776 564 W.
802 525 969 571 Blundo,
990 525 1035 563 R.
1057 525 1105 563 de
1134 524 1294 572 Grauel',
1315 523 1366 562 H.
1397 523 1523 574 Burg’,
1544 526 1589 565 R.
1612 527 1660 565 de

208 579 387 627 Bristoll',
417 580 482 618 W.
513 579 560 617 de
589 579 769 626 Avalun',
797 579 840 617 P.
872 579 920 616 de
947 577 1078 628 Hung’
1107 581 1144 617 et
1172 578 1286 616 Petro
1314 577 1362 615 de
1392 577 1661 618 Cheuremont'

206 634 340 670 canon'
358 633 478 681 Linc',
496 636 534 671 et
554 633 709 672 Olivero
728 633 776 671 de
795 632 941 671 Chedn’
958 632 1101 670 clerico.
1159 631 1250 670 Dat'
1265 644 1330 681 per
1345 644 1500 669 manum
1516 632 1660 672 Thome

205 686 254 724 de
272 686 305 723 F
306 686 488 725 iskerton‘
508 687 694 736 capellani
721 687 763 725 in
785 686 966 736 Capitulo
985 686 1092 725 Linc'
1111 686 1215 736 apud
1232 684 1338 724 Linc'
1358 685 1448 736 viij0
1464 685 1526 726 id.
1546 686 1574 725 J
1576 688 1658 738 unij

204 741 312 790 pont'
330 741 453 779 nostri
471 753 571 779 anno
590 742 661 790 xj0.

287 856 617 891 PATRONATUS
637 848 681 885 de
705 846 884 896 clopton'.

285 901 476 939 Omnibus
495 902 554 939 &e
613 901 776 939 Noverit
794 900 1027 939 universitas
1045 902 1171 939 vestra
1189 900 1293 951 quod
1307 912 1393 938 cum
1407 901 1663 940 controversia.

204 967 279 1005 que
298 954 517 993 vertebatur
535 954 576 991 in
595 955 698 993 curia
717 955 866 993 domini
884 955 1000 1004 Regis
1028 967 1140 1004 super
1153 955 1241 1004 jure
1265 957 1489 1004 patronatus
1507 956 1663 994 ecclesie

206 1009 254 1046 de
274 1008 451 1058 Clopton'
470 1009 572 1046 inter
590 1009 754 1058 priorem
782 1009 829 1046 de
851 1008 888 1047 S.
910 1008 950 1047 N
953 1011 1038 1046 eoto
1059 1022 1107 1046 ex
1125 1022 1203 1046 una
1221 1012 1327 1058 parte
1346 1011 1384 1046 et
1403 1008 1597 1048 Abbatem
1616 1010 1664 1048 de

205 1063 334 1111 Burgo
368 1075 416 1099 ex
448 1062 565 1099 altera
597 1063 754 1100 tandem
785 1063 840 1100 ita
868 1062 915 1100 de
952 1075 1138 1100 consensu
1173 1063 1344 1112 parcium
1373 1063 1503 1101 sedata
1529 1063 1666 1101 fuisset

205 1116 350 1154 ibidem
388 1116 492 1165 quod.
527 1116 648 1165 ipsius
685 1116 839 1154 ecclesie
875 1118 1098 1165 patronatus
1136 1116 1238 1154 dicto
1270 1116 1419 1154 Abbati
1457 1117 1504 1154 de
1537 1117 1665 1166 Burgo

206 1170 490 1219 imperpetuum
524 1173 745 1218 remaneret,
776 1170 881 1208 salva
912 1170 1003 1207 inde
1035 1170 1139 1207 (11010
1171 1170 1296 1208 Ρ11011
1328 1173 1366 1208 01
1403 1170 1510 1208 Μο11’
1544 1171 1591 1209 (10
1624 1171 1663 1210 S.

206 1224 247 1261 N
250 1227 335 1261 eoto
364 1223 494 1260 debita
522 1227 560 1261 et
587 1224 746 1273 antiqua
774 1224 984 1274 pensione:
1012 1226 1050 1262 et
1078 1236 1165 1262 cum
1192 1224 1317 1262 Rann'
1345 1224 1393 1262 de
1421 1224 1599 1274 Clopton'
1629 1228 1668 1263 et

205 1277 442 1315 Willielmus
475 1277 605 1315 Dacus
637 1279 705 1327 qui
737 1278 913 1316 similiter
944 1278 1010 1327 jus
1042 1280 1265 1327 patronatus
1299 1278 1342 1315 in
1376 1278 1479 1316 dicta
1511 1278 1668 1316 ecclesia

205 1331 507 1369 vendicaverunt
526 1334 563 1369 01
576 1344 645 1381 pro
662 1332 749 1381 jure
764 1345 833 1370 suo
848 1332 891 1369 in
908 1331 1088 1381 Capitulo
1107 1331 1181 1369 loci
1195 1332 1485 1382 appellaverunt
1503 1333 1670 1382 appella-

206 1385 381 1423 cionibus
408 1384 487 1422 illis
509 1386 806 1433 renunciassent,
835 1398 902 1435 per
920 1385 1246 1423 Archidiaconum
1273 1386 1348 1423 loci
1375 1398 1487 1435 super
1514 1387 1669 1424 ecclesia

205 1438 378 1489 predicta
410 1444 548 1477 XXune
582 1439 691 1477 solid’
725 1442 763 1477 et
794 1439 865 1488 viij
900 1439 1026 1477 denar'
1054 1440 1254 1477 annuatim
1286 1439 1442 1477 nomine
1473 1441 1669 1489 pensionis

207 1505 369 1542 quorum
388 1492 666 1542 possessionem
687 1493 740 1531 eis
760 1493 974 1530 dimisimus
993 1493 1092 1530 sicut
1110 1493 1216 1542 prius
1230 1493 1448 1531 habuerunt
1464 1492 1560 1545 (sic).
1619 1494 1670 1532 In

206 1546 324 1596 hujus
343 1547 398 1584 rei
417 1547 659 1595 presentibus
678 1547 799 1584 literis
818 1546 989 1596 sigillum
1007 1549 1180 1584 nostrum
1195 1550 1440 1596 apponentes
1496 1547 1588 1586 Dat’
1603 1561 1670 1598 per

206 1613 364 1638 manum
410 1600 557 1638 Thome
602 1600 651 1638 de
696 1600 911 1638 Fiskerton'
957 1600 1145 1650 capellani
1198 1601 1371 1639 canonici
1413 1601 1521 1639 Linc'
1567 1601 1671 1652 apud

207 1654 427 1704 Buggeden'
446 1654 534 1692 xix⁰
553 1653 629 1693 kal.
651 1654 851 1704 Februarij
872 1655 1119 1704 pontificatus
1137 1655 1259 1693 nostri
1277 1667 1378 1693 anno
1397 1655 1469 1705 xj0.

287 1771 358 1805 χχ
377 1771 528 1805 ΜΑΒσ
548 1762 594 1800 de
611 1763 764 1801 ecclesia
782 1763 828 1801 de
846 1761 1031 1801 Stanton'.

288 1815 479 1853 Omnibus
513 1816 574 1854 810.
633 1816 798 1855 Noverit
830 1816 1061 1854 universitas
1094 1818 1218 1854 vestra
1250 1828 1319 1853 nos
1352 1815 1484 1854 divine
1518 1816 1671 1867 pietatis

206 1870 354 1907 intuitu
373 1869 420 1907 de
439 1882 595 1907 assensu
614 1870 753 1919 Rogeri
768 1870 917 1908 Decani
938 1873 977 1908 01
993 1869 1164 1919 Capituli
1182 1870 1303 1907 nostri
1321 1869 1428 1908 Linc'
1444 1871 1671 1909 concessisse

209 1923 360 1962 dilectis
379 1923 421 1960 in
440 1922 594 1961 Christo
614 1924 763 1962 Abbati
785 1927 824 1962 et
843 1924 1061 1963 Conventui
1079 1923 1243 1973 Rading'
1263 1921 1345 1961 xxti
1363 1936 1507 1962 marcas
1526 1938 1672 1963 annuas

210 1978 257 2015 de
277 1977 434 2015 ecclesia
453 1977 500 2014 de
521 1977 698 2016 Stanton'
719 1978 864 2016 scilicet
892 1978 1023 2015 decem
1051 1990 1195 2015 marcas
1219 1979 1291 2026 [fo.
1316 1975 1405 2030 31¹³]
1425 1979 1479 2016 eis
1507 1979 1554 2016 (10
1574 1992 1675 2018 novo

208 2044 276 2081 per
294 2043 364 2069 nos
383 2043 580 2069 concessas
600 2034 638 2069 et
657 2032 750 2069 alias
779 2032 909 2069 decem
937 2044 1031 2081 quas
1058 2031 1165 2081 prius
1192 2031 1412 2069 habuerunt
1429 2045 1498 2081 per
1515 2045 1673 2071 manum

208 2085 354 2123 Thome
375 2085 422 2122 de
441 2085 584 2123 Kamel
602 2098 762 2134 persone
790 2085 962 2135 ejusdem
990 2085 1146 2123 ecclesie
1173 2088 1212 2123 et
1239 2098 1498 2123 successorum
1517 2099 1673 2124 suorum

209 2140 365 2177 nomine
393 2139 570 2188 perpetui
601 2139 778 2177 beneficii
814 2139 1089 2189 percipiendas.
1148 2139 1258 2184 Idem
1286 2142 1414 2176 autem
1441 2140 1607 2178 Thomas
1635 2144 1675 2178 et

208 2205 438 2231 successores
475 2193 536 2230 sui
572 2194 702 2231 omnia
743 2206 857 2231 onera
902 2193 1093 2231 ordinaria
1129 2193 1235 2231 illius
1273 2193 1429 2231 ecclesie
1465 2193 1596 2232 debita
1633 2197 1671 2233 et

208 2250 393 2285 consueta
420 2247 677 2286 sustinebunt.
736 2247 863 2286 Salvis
890 2247 933 2284 in
961 2247 1140 2285 omnibus
1168 2247 1448 2296 episcopalibus
1474 2250 1673 2286 consuetu-

208 2301 367 2339 dinibus
405 2299 472 2338 610.
530 2300 644 2349 Quod
689 2303 733 2339 ut
778 2304 1001 2351 perpetuam
1038 2301 1210 2350 optineat
1246 2301 1466 2338 firmitatem
1503 2302 1672 2351 presenti

207 2355 349 2401 scripto
376 2354 546 2404 sigillum
573 2357 748 2393 nostrum
775 2367 853 2393 una
891 2367 978 2393 cum
1005 2355 1130 2404 sigillo
1158 2354 1322 2404 predicti
1350 2354 1523 2404 Capituli
1549 2356 1673 2394 nostri

207 2408 316 2446 Linc’
345 2408 528 2446 duximus
556 2409 837 2458 apponendum.
914 2408 1092 2446 Testibus
1120 2409 1267 2457 Rogero
1295 2408 1463 2457 Decano,
1494 2409 1671 2447 Galfrido

209 2462 447 2509 Precentore,
463 2462 637 2500 Gilberto
650 2462 911 2510 Thesaurario,
920 2462 1088 2500 Roberto
1103 2462 1143 2500 N
1145 2462 1431 2512 orhampton'‚J
1433 2492 1440 2500 .
1457 2463 1676 2512 Bedeford’,

209 2516 423 2554 Willielmo
452 2516 573 2553 Buck'
600 2519 640 2554 et
668 2517 714 2555 R.
745 2517 870 2554 Hunt'
889 2516 1193 2563 Archidiaconis,
1222 2516 1403 2554 <Iohanne
1431 2516 1671 2566 Subdecano,

210 2570 261 2607 H.
294 2569 577 2608 Archidiacono
609 2570 747 2618 Stowe,
778 2570 975 2620 Magistris
1005 2570 1069 2608 W.
1099 2569 1151 2607 fil’
1179 2570 1373 2617 Fulconis,
1403 2573 1441 2608 et
1471 2571 1519 2609 A.
1550 2571 1598 2609 de
1628 2571 1670 2610 S.

209 2623 428 2669 Edmundo,
449 2623 514 2661 W.
542 2623 710 2672 Blundo,
730 2624 775 2662 R.
798 2624 845 2662 de
873 2623 1054 2670 Bristoll',
1073 2623 1240 2661 Roberto
1269 2623 1316 2661 de
1342 2624 1673 2674 Wassingbmgh',

209 2677 325 2715 Petro
344 2677 392 2714 de
412 2677 537 2724 Bath',
557 2681 596 2715 et
616 2678 730 2715 Petro
750 2678 797 2716 de
818 2677 1087 2717 Cheuremont'
1108 2677 1299 2715 canonicis
1317 2676 1438 2724 Linc',
1458 2680 1497 2715 et
1517 2678 1672 2717 Olivero

211 2731 259 2769 de
279 2730 427 2770 Chedn'
449 2730 594 2769 clerico.
652 2731 744 2770 Dat'
761 2744 828 2781 per
845 2744 1003 2769 manum
1018 2731 1164 2769 Thome
1184 2731 1232 2768 de
1251 2730 1466 2769 Fiskerton'
1485 2732 1674 2781 capellani

210 2785 386 2823 canonici
400 2784 507 2822 Linc’
523 2785 565 2823 in
581 2785 762 2836 Gapitulo
778 2785 887 2825 Linc’
902 2785 1005 2836 apud
1019 2785 1126 2824 Linc'
1145 2785 1171 2836 ij
1192 2784 1268 2823 kal.
1289 2783 1412 2835 April'
1430 2785 1677 2836 pontificatus

209 2838 333 2877 nostri
350 2851 451 2877 anno
469 2838 684 2878 undecimo.
