1844 3178
708 344 914 378 HUGONIS
946 346 1108 380 WELLs.
1587 342 1640 384 67

183 440 387 478 relevando
422 442 607 480 vicarium
652 442 699 480 de
744 443 905 481 dimidia
949 457 1073 482 marca
1108 457 1223 494 quam
1260 446 1538 494 predecessores
1575 452 1636 490 sui

182 494 392 544 persolvere
428 500 706 535 consueverunt
741 497 872 535 abbati
909 499 947 535 et
985 499 1194 536 conventui
1239 498 1444 549 Croyland'
1478 505 1634 543 nomine

181 548 388 597 pensionis,
397 552 435 587 et
446 550 493 587 de
505 550 676 600 hospicio
684 550 965 598 Archidiaconi‚
975 552 1150 590 similiter
1162 553 1397 591 decernendo
1410 558 1634 597 auctoritate

181 603 386 651 apostolica
413 616 508 641 onus
535 604 707 653 ejusdem
732 605 1010 654 procuracionis
1030 606 1171 644 eisdem
1199 607 1330 645 abbati
1357 611 1394 645 et
1423 613 1629 650 conventui

181 655 353 694 decetero
388 657 607 696 incumbere
644 661 682 696 et
718 672 739 696 a
774 660 1018 708 percepcione
1064 660 1223 698 dimidie
1268 674 1391 699 marce
1436 666 1629 713 perpetuis

179 710 415 758 temporibus
434 724 596 749 cessare:
625 712 725 750 facta
744 712 789 763 (1)
821 725 911 750 vero
944 713 1137 751 ordinacio
1164 714 1287 764 prima
1313 715 1382 753 ubi
1408 717 1459 754 sit
1487 719 1628 768 scripta

180 763 360 802 nescitur.

565 818 581 836 ’ἓ
593 818 652 843 'Phe
663 818 732 844 next
742 819 801 844 two
812 818 916 844 entries
928 825 975 844 are
986 819 1016 844 iu
1028 820 1148 845 another
1159 820 1244 846 hand.

258 914 435 948 ΤΗΟΒΡ,
472 905 523 942 In
558 906 936 955 augmentacionibus
977 906 1088 945 factis
1124 921 1192 957 per
1228 907 1382 947 beatum
1420 910 1631 951 Robertum

178 958 382 997 inventum
400 961 456 996 est
474 959 527 996 sic
545 961 731 1009 scriptum
747 960 963 998 z—Vicarie
982 962 1135 999 ecclesie
1150 962 1197 1000 de
1211 962 1340 1013 Thorp
1357 976 1473 1013 quam
1488 965 1633 1005 habent

177 1012 360 1050 moniales
396 1013 444 1050 de
482 1013 715 1052 Stikeswold
749 1013 792 1051 in
827 1015 999 1064 proprios
1035 1028 1127 1054 usus
1164 1015 1328 1055 addatur
1368 1018 1515 1057 decima
1552 1020 1633 1058 feni

178 1066 348 1115 ejusdem
367 1066 555 1116 parochie.

260 1171 356 1205 PRO
404 1172 605 1206 DUABUS
652 1172 892 1207 ΡΑΒΤΙΒυὸ
944 1174 1182 1209 ΕΟΟΙ-ΕΒΙΕ
1229 1177 1292 1210 ΒΕ
1336 1177 1637 1213 8ΤΑΥΝΤΟΝ.*

176 1216 265 1254 1)66
283 1218 409 1265 partes
428 1216 581 1254 ecclesie
600 1216 647 1254 de
673 1217 877 1267 Staynton,
898 1230 1060 1267 quarum
1074 1220 1140 1268 jus
1158 1222 1381 1269 patronatus
1400 1222 1577 1271 priorissa
1596 1227 1634 1261 et

177 1273 388 1308 conventus
421 1270 468 1307 de
500 1270 750 1320 Aluyngham
782 1271 829 1309 de
861 1272 962 1310 dono
1000 1276 1039 1310 et
1076 1274 1316 1312 concessione
1355 1275 1552 1314 Lamberti
1586 1277 1633 1315 de

177 1324 376 1362 Scoteneia
412 1324 565 1373 patroni
601 1325 807 1362 earundem
846 1355 853 1362 .
885 1355 893 1363 .
925 1356 933 1363 .
977 1326 1254 1376 adquisierunt,
1292 1328 1448 1367 fuerunt
1488 1330 1630 1368 eisdem

176 1378 408 1416 monialibus
445 1391 512 1427 per
543 1378 659 1416 fidem
695 1378 970 1417 recordacionis
1009 1380 1185 1430 Hugonis
1224 1382 1420 1431 quondam
1458 1383 1633 1422 Lincoln'

177 1432 345 1482 episcopi
372 1432 414 1469 in
441 1432 613 1481 proprios
643 1445 734 1469 usus
771 1445 944 1470 concesse
981 1436 1019 1471 et
1056 1436 1307 1484 appropriate,
1342 1448 1436 1485 quas
1476 1438 1632 1486 quidem

177 1486 457 1524 concessionem
485 1489 523 1523 et
551 1486 901 1535 appropriacionem
928 1487 1135 1536 Philippus
1165 1491 1257 1526 tunc
1291 1489 1470 1527 Cantuar’
1499 1491 1632 1529 Archi-

175 1540 375 1589 episcopus
402 1543 497 1577 tunc
515 1539 557 1576 in
576 1539 748 1588 partibus
767 1540 844 1577 illis
864 1540 963 1578 sedis
982 1541 1187 1590 apostolice
1205 1542 1352 1592 legatus
1381 1544 1633 1593 confirmavit,

174 1594 524 1643 subsequenterque
578 1594 756 1631 dominus
797 1593 971 1631 Lincoln'
1018 1595 1230 1644 episcopus,
1277 1596 1440 1645 predicti
1485 1598 1634 1637 domini

173 1647 347 1686 Lincoln’
376 1660 576 1695 successor,
605 1660 787 1685 revocans
814 1648 918 1697 quod
956 1649 1195 1697 predecessor
1222 1662 1314 1688 suus
1350 1651 1500 1698 fecerat,
1530 1652 1632 1701 ipsas

174 1702 268 1739 duas
295 1704 421 1751 partes
448 1701 600 1739 cuidam
627 1701 761 1739 clerico
798 1714 866 1739 suo
904 1702 1082 1749 contulit,
1119 1706 1157 1740 et
1193 1704 1323 1753 ipsum
1360 1705 1563 1744 investivit
1589 1707 1631 1744 in

174 1755 326 1794 eisdem.
383 1755 554 1793 Tandem
581 1758 685 1793 mota
713 1756 912 1804 questione
929 1756 1031 1794 inter
1058 1757 1179 1795 dictas
1206 1759 1389 1796 moniales
1416 1762 1455 1796 et
1483 1759 1630 1798 dictum

174 1810 353 1847 clericum
372 1822 485 1859 super
503 1809 616 1846 dictis
636 1809 784 1847 duabus
804 1810 977 1859 partibus
1006 1823 1131 1848 coram
1159 1812 1271 1849 certis
1298 1812 1399 1850 sedis
1426 1814 1632 1863 apostolice

174 1863 355 1913 delegatis
373 1864 449 1912 ipsi
468 1863 632 1911 delegati
646 1863 747 1913 ipsas
763 1863 857 1901 duas
870 1867 996 1913 partes
1014 1865 1173 1914 prefatis
1192 1866 1423 1904 monialibus
1442 1880 1508 1916 per
1523 1880 1630 1906 suam

172 1918 404 1956 sentenciam
424 1917 670 1955 diffinitivam
688 1917 1004 1966 adjudicaverunt
1023 1931 1123 1956 anno
1144 1919 1292 1957 domini
1315 1920 1417 1957 mil10
1432 1921 1547 1959 CCm⁰
1561 1922 1630 1960 xlv

171 1984 300 2009 mense
320 1964 553 2017 Decembris,
574 1983 648 2020 que
676 1971 833 2020 quidem
859 1973 1053 2009 sentencia
1076 1976 1164 2022 post
1182 1973 1339 2011 modum
1358 1987 1425 2023 per
1442 1974 1630 2013 Innocen-

171 2026 271 2063 tium
289 2038 427 2074 papam
446 2027 624 2074 quartum
643 2025 774 2062 extitit
792 2026 1012 2063 confirmata
1029 2030 1143 2074 prout
1162 2027 1204 2064 in
1219 2027 1325 2065 bulla
1340 2041 1407 2065 sua
1421 2030 1627 2077 apostolica

171 2080 218 2117 de
238 2079 313 2117 dat'
334 2079 509 2128 Lugdun'
529 2092 556 2116 x
574 2078 726 2116 kalend’
755 2079 902 2129 Aprilis
929 2080 1174 2128 pontificatus
1202 2081 1261 2118 sui
1280 2094 1380 2119 anno
1401 2083 1488 2131 vij0‚
1508 2096 1530 2120 a
1549 2095 1624 2132 quo

170 2136 339 2182 tempore
367 2133 496 2170 eedem
524 2133 710 2170 moniales
737 2135 943 2171 tenuerunt
972 2133 1092 2171 dictas
1120 2134 1214 2171 duas
1242 2138 1366 2184 partes
1385 2136 1427 2172 in
1450 2137 1624 2186 proprios

169 2199 261 2225 usus
288 2187 411 2236 liquet
438 2187 637 2224 manifeste
666 2184 787 2236 [quod
797 2184 827 2238 2]
855 2187 962 2225 nulla
994 2190 1051 2225 est
1086 2188 1231 2226 ibidem
1269 2189 1443 2227 ordinata
1470 2190 1620 2229 vicaria.

172 2241 254 2278 Hec
273 2253 340 2290 per
359 2240 540 2279 Colstone
560 2240 866 2289 Registratorem.

521 2328 537 2345 *
554 2327 613 2352 The
624 2326 714 2353 whole
725 2327 755 2352 of
767 2327 825 2353 this
836 2327 893 2352 last
903 2328 986 2358 entry
998 2327 1021 2352 is
1033 2327 1063 2352 in
1075 2334 1092 2352 a
1103 2327 1175 2353 later
1188 2328 1275 2353 hand.
