1844 3178
228 347 280 385 52
759 356 896 389 LIBER,
925 356 1164 396 ANTIQUUS

308 466 362 500 W!
370 464 646 499 LEGHETON.
674 454 827 493 Vinaria
838 455 881 492 in
893 455 1050 494 ecclesia
1062 455 1109 494 de
1123 454 1373 505 Wilegheton
1388 457 1448 506 cuj
1453 469 1498 494 us
1509 456 1696 495 medietas

227 514 286 550 est
305 510 512 549 eorundem
531 509 598 547 816.
622 507 683 561 [111
701 509 924 547 1116111161111·
941 510 984 547 111
1002 509 1330 548 Archidiaconatu
1351 508 1501 563 Stow’.]

312 628 448 662 HAGH
486 616 678 670 [Hauqla]
717 616 872 655 Vicaria
885 617 928 654 in
942 617 1098 655 ecclesia
1117 617 1165 655 de
1184 616 1301 666 Hagh
1319 629 1395 666 que
1414 620 1472 655 est
1490 618 1627 667 prioris
1648 619 1696 657 (16

232 673 347 722 Hagh
360 673 535 709 consistit
547 672 589 708 in
601 675 682 709 toto
695 671 888 720 altaragio,
905 671 1074 720 exceptis
1089 671 1246 709 decimis
1262 672 1564 721 agnorum‚lane‚
1572 674 1696 722 primo

230 729 365 777 legato,
388 731 425 763 et
445 730 605 775 excepto
624 726 779 763 redditu
797 738 865 762 sex
893 725 1102 763 solidorum
1120 725 1168 763 de
1187 738 1265 763 una
1283 725 1424 763 bovata
1442 729 1539 764 terre
1559 730 1597 764 et
1619 739 1697 764 uno

231 785 340 831 prato
360 780 642 829 pertinentibus
661 780 711 817 ad
729 779 979 828 altaragium:
998 783 1036 816 et
1055 782 1114 817 est
1131 782 1225 816 tunc
1244 779 1385 816 vicaria
1400 780 1455 829 vij
1472 793 1694 820 marcarum.

233 837 284 874 Et
312 836 415 885 prior
442 834 701 883 procurabunt
729 833 944 883 hospicium
969 832 1257 880 Archidiaconi,
1278 836 1316 870 et
1344 836 1468 871 cetera
1486 846 1600 872 onera
1618 838 1697 872 tam

233 888 424 927 ordinaria
448 901 565 937 quam
593 887 893 926 extraordinaria
918 887 1177 935 sustinebunt,
1201 890 1240 925 et
1267 887 1529 937 providebunt
1556 888 1699 927 vicario

235 944 282 981 de
301 944 410 981 tofto.

319 1059 618 1095 εννιΝῡΕιῑῑΒγ,
682 1049 838 1088 Vicaria
882 1049 926 1087 in
971 1049 1127 1087 ecclesia
1171 1048 1220 1087 (16
1266 1048 1497 1100 Swinderby
1532 1062 1607 1099 que
1644 1052 1702 1088 est

236 1106 539 1154 Templariorum
566 1104 743 1142 consistit
769 1104 812 1141 in
839 1106 921 1142 toto
944 1103 1127 1153 altaragio
1155 1106 1194 1140 et
1221 1103 1264 1140 in
1291 1103 1459 1153 quodam
1494 1104 1595 1142 tofto
1633 1104 1702 1142 ubi

236 1173 397 1210 persona
425 1159 640 1208 antiquitus
678 1170 829 1196 manere
856 1158 996 1196 solevit
1024 1161 1062 1195 et
1089 1158 1133 1195 in
1160 1157 1318 1195 decimis
1355 1157 1558 1207 garbarum
1585 1158 1703 1196 unius

235 1215 376 1252 bovate
413 1216 511 1251 terre
548 1216 587 1250 et
624 1212 785 1250 dimidie
822 1224 917 1261 quas
954 1211 1093 1249 Wioth
1130 1214 1169 1249 et
1202 1211 1399 1250 Galfridus
1435 1211 1485 1249 fil’
1524 1212 1704 1261 Hugonis

237 1268 420 1306 Palmerii
433 1270 568 1305 tenent
582 1268 625 1305 in
639 1267 772 1305 eadem
786 1266 890 1305 villa.
926 1265 978 1304 Et
993 1265 1200 1315 Templarii
1214 1265 1472 1315 procurabunt
1486 1265 1704 1316 hospicium

237 1322 512 1360 Archidiaconi
531 1324 569 1359 et
588 1321 717 1359 omnia
736 1321 811 1358 alia
828 1333 943 1358 onera
961 1323 1041 1357 tam
1063 1319 1254 1357 ordinaria
1271 1332 1387 1369 quam
1406 1320 1705 1358 extraordinaria

236 1376 484 1414 sustinebunt
495 1378 621 1425 preter
633 1375 833 1425 synodalia
844 1387 919 1424 que
930 1374 1169 1413 solummodo
1181 1374 1345 1413 vicarius
1356 1374 1479 1413 solvet
1490 1375 1701 1413 annuatim.

237 1431 290 1469 Et
309 1435 366 1468 est
384 1431 525 1468 vicaria
543 1430 586 1467 lx
604 1430 826 1468 solidorum.

320 1565 465 1600 A10LE
500 1552 666 1608 [anle]
724 1554 879 1593 Vicaria
896 1553 940 1591 in
959 1552 1116 1592 ecclesia
1134 1553 1182 1591 de
1200 1552 1311 1592 Aicle
1330 1566 1405 1603 que
1424 1555 1483 1591 est
1497 1552 1704 1591 eorundem

240 1610 416 1648 consistit
435 1611 477 1647 in
496 1613 579 1648 toto
608 1609 789 1658 altaragio
818 1611 857 1646 et
884 1608 926 1646 111
953 1608 1122 1657 quodam
1140 1607 1240 1646 tofto
1259 1608 1309 1646 ad
1328 1608 1488 1646 eandem
1509 1607 1706 1646 ecclesiam

239 1665 457 1714 pertinente
469 1667 507 1701 et
518 1663 725 1713 Templarii
738 1662 999 1713 procurabunt
1012 1662 1229 1712 hospicium
1240 1661 1422 1700 Archidia
1428 1662 1515 1700 66111
1527 1665 1565 1700 61
1577 1662 1707 1700 61111116

240 1719 316 1756 6116
344 1731 457 1756 611616
484 1718 731 1756 sustinebunt
759 1719 886 1767 preter
917 1715 1117 1766 synodalia
1144 1728 1219 1765 que
1245 1717 1411 1755 vicarius
1437 1716 1705 1755 tantummodo

240 1773 362 1811 solvet
381 1773 593 1810 annuatim.
651 1772 704 1810 Et
723 1775 781 1809 est
799 1771 941 1810 vicaria
955 1783 981 1810 v
999 1782 1220 1809 marcarum.

323 1906 510 1940 Ε88ΕΒΥ
545 1894 665 1949 [alias
682 1896 832 1945 Asshby
841 1895 961 1944 juxta
979 1892 1215 1947 Bevemmff.
1289 1894 1444 1933 Vicaria
1474 1895 1518 1932 in
1550 1894 1707 1933 66616616

241 1951 289 1988 de
335 1951 484 2000 Esseby
529 1964 604 2000 que
652 1954 709 1988 661
756 1950 964 1988 eorundem
1010 1949 1065 1987 sic
1111 1952 1168 1987 est
1215 1949 1400 1987 ordinata.
1469 1949 1707 1987 Willielmus

241 2005 289 2042 de
305 2005 473 2054 Oustorp
488 2005 708 2054 capellanus
723 2007 760 2042 61
774 2005 939 2043 vicarius
953 2004 1112 2042 habebit
1127 2006 1165 2041 et
1179 2003 1327 2041 tenebit
1341 2006 1467 2041 totum
1482 2004 1707 2054 altaragium

240 2060 282 2096 in
315 2060 398 2096 vita
430 2072 498 2097 sua
530 2072 618 2097 cum
650 2059 749 2097 tofto
782 2059 978 2096 reddendo
1010 2058 1211 2096 annuatim
1242 2057 1424 2107 predictis
1455 2058 1636 2106 magistro
1669 2061 1707 2096 et

239 2114 423 2151 fratribus
452 2113 546 2151 duas
573 2126 717 2151 marcas
744 2113 903 2163 argenti.
961 2113 1056 2150 Post
1083 2112 1234 2149 obitum
1260 2124 1351 2150 vero
1379 2111 1475 2149 dicti
1501 2111 1708 2150 Willielmi

241 2180 472 2205 successores
499 2167 621 2217 ipsius
649 2167 840 2206 tenebunt
866 2167 1023 2205 nomine
1051 2166 1191 2205 vicarie
1218 2168 1344 2203 totum
1366 2166 1592 2216 altaragium
1620 2179 1707 2204 cum

241 2222 413 2270 predicto
426 2222 526 2259 tofto
539 2223 594 2260 ita
607 2222 712 2271 quod
726 2221 849 2259 nichil
864 2221 956 2259 inde
971 2220 1153 2259 reddent:
1174 2222 1212 2257 et
1227 2219 1434 2270 Templarii
1447 2220 1708 2269 procurabunt

241 2275 458 2325 hospicium
486 2276 762 2314 Archidiaconi
790 2279 828 2314 et
856 2275 1105 2314 sustinebunt
1133 2277 1255 2312 cetera
1283 2286 1397 2312 onera
1418 2277 1499 2312 tam
1518 2274 1709 2312 ordinaria

243 2342 359 2379 quam
378 2330 678 2368 extraordinaria
696 2333 777 2368 tam
795 2333 966 2380 tempore
980 2329 1076 2367 dicti
1090 2328 1297 2366 Willielmi
1315 2340 1431 2377 quam
1451 2340 1708 2366 successorum

242 2384 363 2433 ipsius
382 2387 508 2434 preter
526 2384 726 2434 synodalia
740 2397 815 2434 que
834 2385 916 2434 ipse
932 2383 1169 2421 Willielmus
1184 2385 1222 2419 et
1236 2394 1466 2420 successores
1481 2382 1542 2420 sui
1555 2382 1708 2421 solvent

241 2438 512 2476 tantummodo
532 2439 733 2476 annuatim
752 2439 794 2476 in
811 2440 1050 2488 perpetuum.
1110 2437 1162 2474 Et
1181 2436 1254 2475 erit
1267 2436 1410 2474 vicaria
1427 2449 1454 2475 v
1472 2449 1693 2475 marcarum.

842 2525 858 2542 ³*
875 2524 911 2550 In
922 2531 940 2549 a
950 2523 1024 2549 later
1034 2522 1120 2549 hand.

327 2623 595 2657 ROUESTON
634 2610 855 2666 [Rowston].
891 2611 1045 2650 Vicaria
1056 2611 1099 2649 in
1114 2610 1269 2650 66616616
1282 2611 1330 2649 (16
1344 2611 1543 2649 Roueston
1560 2623 1635 2661 que
1650 2613 1708 2650 est

245 2667 454 2704 eorundem
486 2667 631 2705 66111661
664 2668 707 2705 111
737 2667 863 2705 tribus
894 2666 1068 2717 partibus
1102 2668 1140 2703 et
1172 2665 1352 2715 magister
1384 2665 1622 2703 Willielmus
1661 2665 1709 2703 de

245 2721 482 2758 Brancewell
518 2724 576 2759 est
611 2724 734 2760 rector
763 2724 897 2771 quarte
926 2720 1055 2770 partis.
1128 2719 1317 2758 Consistit
1345 2719 1465 2769 igitur
1494 2719 1636 2757 vicaria
1665 2720 1708 2757 in

244 2775 426 2824 altaragio
456 2776 577 2813 totius
606 2775 762 2813 ecclesie
792 2778 831 2813 et
859 2775 902 2812 in
931 2774 1089 2812 decimis
1119 2774 1322 2823 garbarum
1340 2773 1388 2811 de
1407 2773 1532 2811 tribus
1556 2773 1708 2811 bovatis

243 2829 409 2866 terre-de
437 2829 608 2867 dominio
638 2829 809 2867 Galfridi
830 2829 881 2866 fil’
896 2829 993 2866 Eme
1011 2828 1053 2866 in
1073 2828 1206 2866 eadem
1232 2828 1328 2866 villa
1352 2840 1402 2865 ex
1427 2830 1535 2877 parte
1563 2827 1708 2865 scilicet

244 2882 434 2921 dictorum
457 2883 759 2933 Templariorum
778 2886 817 2921 et
834 2884 877 2921 in
897 2882 1054 2920 decimis
1080 2882 1282 2932 garbarum
1303 2881 1420 2920 unius
1442 2881 1581 2920 bovate
1609 2884 1708 2920 terre
