1844 3178
215 355 268 397 92
730 363 869 397 LIBER
899 361 1134 403 ANTIQUUS

213 466 260 504 de
289 463 517 511 Fiskerton',
541 464 588 502 R.
619 463 667 500 de
693 461 877 509 Bristoll’,
904 461 1048 499 Theob'
1077 461 1125 499 de
1152 460 1306 504 Bosell',
1334 459 1398 499 W.
1421 460 1470 498 de
1497 460 1675 508 Aualon’,

211 520 256 558 P.
274 521 322 558 de
337 519 461 567 Bath’,
477 518 524 556 R.
542 518 590 555 de
604 516 758 563 Bohun,
774 515 966 554 canonicis
980 515 1100 563 Linc',
1117 514 1314 564 Magistris
1328 514 1374 552 R.
1390 514 1438 552 de
1451 514 1676 562 Tinghurst,

212 576 250 612 et
271 574 313 612 O.
337 574 385 612 de
406 571 621 612 Cheinduit
641 570 786 617 clerico,
808 572 847 607 et
865 569 961 607 aliis.
1018 568 1109 606 Dat'
1127 581 1195 618 per
1213 581 1350 606 manus
1368 567 1432 606 W.
1455 568 1503 606 de
1521 567 1678 606 Tornac'

209 627 470 666 archidiaconi
488 626 615 664 Stowe
629 624 672 662 in
688 623 868 673 Capitulo
883 621 991 661 Linc’
1006 622 1110 673 apud
1125 621 1232 661 Linc'
1249 622 1365 661 tercio
1383 621 1460 662 kal.
1476 622 1675 672 Februarij

211 682 458 732 pontificatus
477 679 600 718 nostri
619 691 720 716 anno
740 677 899 716 decimo.

291 797 494 842 QUARTA
509 799 606 836 pars
625 786 772 825 ecclesie
790 786 836 823 de
855 784 1075 834 Kyrketon’.

292 842 496 882 Universis
515 842 576 879 &c
633 840 799 879 Noverit
812 839 1044 878 universitas
1063 841 1189 877 vestra
1207 850 1278 876 nos
1297 837 1346 876 de
1367 849 1524 876 assensu
1538 837 1679 887 Rogeri

209 897 361 936 Decani
406 900 444 934 et
481 895 655 945 Capituli
699 893 822 932 nostri
857 893 966 931 Linc'
1004 892 1232 931 concessisse
1278 894 1316 930 et
1361 891 1530 941 presenti
1575 894 1678 929 carta

209 952 451 990 confirmasse
478 950 630 988 dilectis
656 948 700 986 in
729 948 884 987 Christo
911 947 1002 985 filiis
1030 947 1156 985 Priori
1183 949 1222 984 et
1249 946 1432 984 fratribus
1461 945 1678 995 Hospitalis

209 1004 516 1044 Jerusalimitani
551 1004 595 1042 in
631 1002 775 1052 Anglia
811 1014 942 1039 omnes
979 1001 1145 1039 decimas
1183 1000 1386 1050 garbarum
1422 999 1471 1037 ad
1504 1002 1679 1049 quartam

209 1063 358 1109 partem
385 1058 541 1096 ecclesie
570 1057 617 1095 de
645 1056 843 1094 Kirketon
871 1055 1153 1106 pertinencium
1181 1067 1275 1104 quas
1303 1067 1370 1104 per
1393 1053 1607 1092 Robertum
1630 1053 1679 1091 de

209 1114 379 1151 Hardres
398 1112 594 1162 quondam
614 1110 826 1149 Officialem
845 1109 1191 1148 Archidiaconatus
1210 1108 1319 1146 Linc'
1333 1108 1440 1158 prius
1458 1108 1679 1146 habuerunt

207 1168 252 1205 in
278 1180 370 1205 usus
402 1166 539 1216 prioris
576 1168 614 1203 et
651 1164 814 1203 fratrum
841 1176 1054 1214 pauperum
1085 1163 1289 1213 hospitalis
1317 1165 1427 1200 extra
1458 1162 1593 1200 villam
1636 1161 1674 1200 S.

209 1222 357 1259 Botulfi
383 1221 427 1258 in
454 1219 649 1271 Hoyland'
679 1220 1000 1257 commorancium
1023 1217 1301 1256 convertendas
1330 1220 1368 1254 et
1395 1217 1680 1266 imperpetuum

208 1275 459 1326 possidendas
474 1289 482 1313 :
511 1275 668 1323 insuper
683 1273 803 1311 eciam
818 1273 914 1311 duas
927 1284 1070 1310 marcas
1082 1271 1130 1310 de
1143 1271 1305 1309 minutis
1320 1271 1478 1309 decimis
1491 1273 1529 1308 et
1541 1270 1681 1308 obven-

208 1330 385 1368 cionibus
403 1328 577 1378 altaragii
596 1327 769 1378 ejusdem
787 1330 922 1377 quarte
948 1326 1069 1376 partis
1096 1326 1298 1364 annuatim
1325 1325 1482 1363 nomine
1500 1324 1678 1374 perpetui

208 1384 385 1423 beneficii
404 1385 558 1421 tantum
584 1382 849 1432 percipiendas
876 1393 944 1432 per
970 1393 1108 1418 manus
1135 1392 1295 1430 persone
1322 1379 1429 1417 illius
1456 1379 1613 1417 ecclesie
1631 1378 1680 1416 de

208 1439 350 1488 quibus
382 1440 547 1487 quatuor
578 1449 723 1474 marcas
755 1436 862 1486 prius
898 1435 1091 1486 percipere
1123 1436 1416 1473 consueverunt.
1476 1433 1604 1472 Salvis
1636 1433 1680 1470 in

208 1493 388 1530 omnibus
407 1492 467 1530 διο.
524 1491 578 1529 Et
596 1494 641 1529 ut
660 1490 731 1528 hec
750 1493 880 1528 nostra
906 1489 1160 1536 confirmacio,
1181 1488 1241 1527 &c
1301 1487 1482 1526 Testibus
1500 1490 1546 1525 ut
1564 1499 1679 1536 supra

209 1550 312 1585 carta
330 1546 506 1596 proxima
533 1545 718 1595 appositis
746 1544 810 1582 hic
837 1545 920 1583 Ric.
943 1543 990 1581 de
1009 1542 1214 1581 Lindwud’
1235 1546 1274 1581 et
1301 1542 1398 1580 Rob.
1421 1542 1469 1580 de
1489 1541 1619 1579 Holm'
1639 1543 1679 1578 et

209 1601 408 1651 Stephano
437 1601 485 1638 de
505 1599 594 1640 Cic'.
652 1597 744 1637 Dat’
776 1611 844 1649 per
875 1610 1013 1636 manus
1046 1597 1111 1636 W.
1147 1597 1195 1635 de
1227 1596 1383 1635 Tornac'
1403 1595 1680 1635 Archidiaconi

210 1655 339 1694 Stowe
358 1654 463 1705 apud
481 1653 589 1692 Linc'
609 1653 773 1703 septimo
794 1653 854 1691 Id'
868 1651 1068 1702 Februarij
1090 1651 1338 1702 pontificatus
1356 1650 1478 1689 nostri
1497 1663 1599 1688 anno
1619 1655 1675 1688 x0.

286 1759 649 1795 APPROPRlAOEo
674 1757 1071 1793 CAMEfflNGHAM’.

290 1803 494 1843 Universis
514 1802 581 1840 &c
631 1801 796 1840 Noverit
814 1801 1045 1839 universitas
1064 1802 1192 1838 vestra
1211 1812 1282 1838 nos
1302 1799 1350 1838 de
1368 1811 1526 1838 assensu
1539 1798 1680 1849 Rogeri

209 1858 359 1896 Decani
389 1860 428 1895 et
459 1855 632 1906 Capituli
670 1856 795 1893 nostri
822 1854 929 1893 Linc'
950 1854 1083 1893 divine
1111 1854 1268 1903 pietatis
1294 1854 1444 1892 intuitu
1463 1853 1613 1891 dedisse
1641 1855 1681 1890 et

210 1912 440 1950 concessisse
476 1910 625 1948 Abbati
661 1913 699 1948 et
738 1908 961 1949 Conventui
997 1908 1045 1946 de
1082 1907 1358 1946 Blancheland'
1396 1907 1592 1946 ecclesiam
1632 1906 1680 1944 de

209 1965 537 2016 Kameringeham
573 1977 649 2014 que
686 1964 735 2001 de
772 1976 903 2001 eorum
940 1966 997 2001 est
1033 1962 1288 2001 advocacione
1316 1962 1358 2000 in
1387 1962 1560 2012 proprios
1587 1973 1681 1998 usus

211 2021 497 2070 imperpetuum
510 2018 791 2069 possidendam.
842 2017 958 2056 Salva
972 2019 1157 2067 perpetua
1168 2017 1309 2055 vicaria
1322 2017 1365 2054 in
1379 2016 1512 2054 eadem
1526 2015 1683 2053 ecclesia

208 2087 276 2124 per
295 2087 365 2112 nos
385 2075 575 2123 assignata
590 2073 766 2111 Gilberto
783 2072 990 2122 Capellano
1011 2084 1124 2120 quem
1140 2071 1189 2109 ad
1203 2070 1531 2121 presentacionem
1550 2082 1681 2107 eorum

209 2129 259 2166 ad
291 2129 415 2179 ipsam
445 2127 671 2166 admisimus
704 2130 743 2164 et
770 2126 813 2164 in
841 2139 885 2164 ea
912 2126 1100 2164 vicarium
1122 2128 1352 2175 perpetuum
1370 2124 1613 2163 instituimus
1641 2126 1680 2161 et

208 2183 489 2221 successoribus
504 2182 584 2220 suis
598 2182 641 2219 in
657 2181 789 2219 eadem
804 2180 961 2219 ecclesia
974 2180 1017 2217 in
1035 2179 1199 2229 propriis
1217 2179 1389 2229 personis
1406 2177 1681 2217 ministraturis

209 2250 232 2275 a
268 2237 451 2287 predictis
487 2236 643 2274 Abbate
680 2239 718 2273 et
756 2237 951 2273 conventu
987 2234 1037 2272 ad
1074 2246 1158 2271 eam
1195 2234 1373 2272 similiter
1413 2232 1680 2283 presentandis

209 2292 392 2341 quociens
423 2292 549 2341 ipsam
578 2290 761 2328 vicariam
792 2301 926 2328 vacare
959 2287 1162 2338 contigerit
1194 2288 1306 2326 nobis
1335 2290 1373 2326 et
1400 2286 1681 2326 successoribus

209 2346 351 2384 nostris
370 2348 409 2384 et
426 2345 470 2384 in
487 2358 532 2384 ea
551 2344 732 2383 canonice
749 2343 1012 2382 instituendis.

292 2462 568 2498 ΟΒΒΙΝΑΟΙΟ
596 2452 739 2491 vicarie
757 2452 932 2502 ejusdem.

292 2509 377 2557 Que
405 2507 563 2557 quidem
590 2507 732 2546 vicaria
751 2506 927 2545 consistit
953 2505 997 2543 in
1023 2507 1105 2543 toto
1125 2504 1308 2554 altaragio
1328 2504 1501 2554 ejusdem
1524 2503 1679 2542 ecclesie

211 2566 250 2602 et
281 2563 325 2601 in
357 2561 525 2612 quodam
557 2561 659 2600 tofto
692 2564 731 2599 et
758 2561 883 2599 tribus
911 2560 1063 2598 bovatis
1090 2562 1188 2597 terre
1208 2559 1411 2597 dominicis
1431 2559 1586 2597 ecclesie
1604 2571 1680 2608 que

207 2617 402 2656 Robertus
433 2615 577 2654 Tumin
608 2615 736 2653 tenuit
768 2618 807 2653 et
839 2615 881 2653 in
915 2614 1063 2652 decima
1100 2611 1206 2663 viij‘co
1239 2614 1467 2652 bovatarum
1505 2616 1603 2651 terre
1631 2613 1679 2650 de
1704 2633 1711 2639 ·

209 2671 352 2721 quibus
371 2671 453 2709 Ric.
475 2670 527 2708 fil’
549 2670 705 2718 Heruei,
734 2669 831 2708 Rob.
862 2668 1027 2715 Beaufiz‚
1057 2668 1139 2706 Ric.
1171 2667 1315 2706 Bachel
1337 2671 1375 2706 et
1403 2668 1485 2705 Ric.
1516 2667 1682 2705 Tanator

209 2726 353 2776 singuli
372 2725 467 2763 duas
485 2725 645 2763 bovatas
663 2724 706 2761 in
734 2723 866 2761 eadem
893 2723 988 2761 villa
1014 2725 1159 2760 tenent.
1218 2722 1331 2760 Idem
1359 2726 1488 2759 autem
1515 2722 1680 2760 vicarius

210 2780 274 2819 vel
292 2792 525 2818 successores
544 2779 605 2816 sui
623 2779 670 2816 de
690 2777 883 2816 dominico
904 2776 1058 2815 ecclesie
1077 2776 1126 2814 ad
1144 2776 1249 2825 ipsos
1267 2776 1487 2826 pertinente
1514 2776 1679 2813 decimas

212 2835 338 2872 nullas
358 2833 518 2881 dabunt,
539 2833 606 2871 sed
638 2832 827 2870 sinodalia
858 2834 1012 2870 tantum
1044 2843 1113 2880 pro
1141 2830 1275 2868 eadem
1303 2830 1460 2868 ecclesia
1478 2830 1680 2868 annuatim

215 2889 346 2927 debita
364 2887 594 2938 persolvent.
651 2886 787 2925 Abbas
805 2899 895 2925 vero
926 2888 964 2924 et
994 2885 1169 2923 canonici
1198 2885 1328 2923 omnia
1357 2884 1432 2922 alia
1460 2897 1574 2922 onera
1602 2888 1682 2922 tam
