1844 3178
713 373 920 408 HUGONIS
950 373 1116 408 WELLS.
1589 365 1643 406 99

190 476 436 525 patronorum
463 472 617 512 ecclesie
645 472 692 510 de
709 471 913 521 Bergheby
929 473 968 509 et
986 471 1151 510 Walteri
1178 471 1226 510 de
1246 470 1450 521 Kantilup’
1470 473 1641 522 ejusdem

191 528 345 566 ecclesie
363 540 522 578 persone
540 527 671 566 divine
689 526 843 576 pietatis
857 525 1004 563 intuitu
1022 525 1171 564 dedisse
1190 528 1228 564 et
1247 525 1472 563 concessisse
1492 526 1640 566 dilectis

190 582 233 619 in
253 581 407 620 Christo
425 581 516 619 filiis
535 581 717 619 fratribus
737 576 775 618 S}
796 579 996 617 Trinitatis
1019 582 1126 618 extra
1145 579 1185 617 N
1186 579 1423 628 orhampton'
1442 579 1642 619 dimidiam

190 648 355 673 marcam
373 635 520 684 argenti
546 635 588 672 in
614 634 762 684 prefata
789 633 944 672 ecclesia
972 633 1019 671 de
1037 633 1238 684 Bergheby
1257 632 1418 683 singulis
1445 634 1556 671 annis
1575 648 1643 684 per

192 702 351 727 manum
386 689 507 739 ipsius
538 701 696 739 persone
728 690 766 726 et
802 699 1058 725 successorum
1093 700 1248 725 suorum
1280 686 1435 725 nomine
1466 689 1642 737 perpetui

191 743 369 781 beneficii
412 743 694 792 imperpetuum
739 740 788 779 ad
833 740 1020 779 Pascham
1063 740 1355 791 percipiendam.
1428 740 1555 780 Salvis
1600 742 1644 779 in

192 797 382 835 omnibus.
440 796 554 845 Quod.
580 799 624 835 ut
651 798 883 846 perpetuam.
939 794 1118 834 Testibus
1146 798 1184 834 et
1211 795 1302 834 Dat'
1329 797 1374 834 ut
1401 807 1515 845 supra
1543 798 1645 834 carta

192 851 329 901 quinta
348 850 396 889 ab
414 850 499 890 ista.
790 895 813 916 ο

274 966 511 1001 EGGLESIE
539 956 584 995 de
611 957 831 996 Wrolcestan
850 955 1133 1005 appropriaeio.

273 1011 465 1049 Omnibus
484 1011 545 1049 διο.
600 1010 765 1049 Noverit
783 1009 1010 1048 universitas
1029 1012 1156 1049 vestra
1175 1022 1246 1048 nos
1265 1009 1313 1047 de
1331 1021 1487 1048 assensu
1507 1009 1650 1060 Rogeri

191 1065 341 1103 Decani
368 1067 406 1102 et
435 1064 607 1113 Capituli
634 1064 756 1102 nostri
783 1063 891 1101 Linc’
919 1063 1051 1102 divine
1078 1064 1231 1113 pietatis
1258 1064 1406 1101 intuitu
1434 1063 1583 1102 dedisse
1611 1067 1650 1102 et

193 1119 420 1157 concessisse
452 1118 602 1156 dilectis
633 1118 676 1156 in
708 1117 861 1156 Christo
891 1117 981 1155 filiis
1013 1118 1138 1155 Priori
1170 1120 1209 1156 et
1234 1117 1455 1156 Conventui
1485 1118 1578 1156 Loci
1607 1117 1647 1158 S,

192 1173 316 1211 Marie
335 1172 383 1210 de
401 1170 645 1210 Wrokestan'
665 1171 859 1209 ecclesiam
886 1171 1140 1220 parochialem
1168 1171 1216 1209 de
1234 1171 1478 1209 Wrokestan’
1500 1184 1573 1221 que
1602 1172 1650 1210 de

192 1239 324 1265 eorum
342 1226 594 1264 advocacione
613 1229 670 1263 est
688 1226 731 1263 in
750 1225 921 1275 proprios
940 1238 1031 1263 usus
1058 1226 1341 1275 imperpetuum
1368 1225 1647 1274 possidendam.

194 1280 310 1319 Salva
347 1280 579 1329 competenti
614 1280 755 1318 vicaria
790 1292 858 1328 per
888 1291 959 1316 nos
995 1279 1038 1317 in
1070 1279 1202 1317 eadem
1235 1279 1447 1317 ordinanda
1473 1283 1512 1317 et
1546 1280 1651 1318 salva

193 1334 376 1372 Michaeli
391 1334 501 1371 Belet
515 1346 673 1383 persone
687 1333 807 1382 ipsius
823 1333 976 1371 ecclesie
990 1333 1117 1382 quoad
1130 1333 1271 1372 vixerit
1285 1333 1522 1383 possessione
1537 1346 1653 1382 quam

192 1388 309 1426 habet
327 1388 370 1425 in
389 1387 530 1425 eadem.
590 1387 716 1426 Salvis
747 1387 864 1425 eciam
890 1387 934 1424 in
953 1387 1131 1425 omnibus
1155 1387 1433 1436 episcopalibus
1452 1390 1652 1425 consuetu-

193 1442 350 1479 dinibus
383 1442 443 1479 &c.
503 1441 616 1489 Quod
647 1444 692 1479 ut
723 1443 945 1491 perpetuam
977 1442 1036 1479 &c
1096 1440 1273 1479 Testibus
1300 1441 1447 1490 Rogero
1481 1441 1651 1488 Decano,

194 1495 368 1534 Galfrido
400 1495 638 1544 Precentore‚
672 1494 748 1544 &c.‚
781 1497 826 1533 ut
858 1507 972 1544 supra
1001 1495 1045 1532 in
1081 1498 1183 1533 carta
1213 1497 1322 1533 sexta
1353 1495 1401 1533 ab
1432 1494 1518 1542 ista,
1551 1507 1653 1533 anno

196 1549 352 1588 decimo.

276 1666 383 1700 χχχ
419 1664 571 1699 MARG‘
599 1655 646 1693 de
672 1655 825 1694 ecclesia
852 1655 898 1694 de
925 1655 1131 1695 Netelham
1157 1658 1192 1694 et
1220 1655 1297 1694 alie
1323 1668 1465 1694 summe
1490 1656 1536 1694 de
1564 1655 1657 1694 aliis

196 1711 357 1750 ecclesiis
374 1709 646 1758 infrascriptis.

278 1764 469 1803 Omnibus
487 1764 549 1802 διο.
606 1763 771 1802 Noverit
789 1763 1017 1802 universitas
1045 1765 1171 1802 vestra
1197 1775 1268 1801 nos
1300 1776 1369 1813 pro
1389 1763 1511 1802 salute
1530 1763 1656 1802 anime

196 1821 326 1857 nostre
345 1821 383 1856 et
403 1821 683 1856 antecessorum
702 1820 740 1855 et
759 1830 1016 1856 successorum
1033 1820 1252 1855 nostrorum
1271 1818 1320 1855 ad
1333 1818 1516 1855 honorem
1536 1817 1598 1855 dei
1618 1820 1656 1855 et

197 1873 358 1923 gloriose
376 1872 537 1922 virginis
552 1872 600 1910 de
614 1884 770 1909 assensu
784 1871 923 1921 Rogeri
936 1871 1086 1909 Decani
1101 1874 1139 1909 et
1158 1871 1330 1920 Capituli
1343 1872 1466 1909 nostri
1480 1871 1655 1909 Lincoln’

198 1926 424 1965 concessisse
444 1929 482 1964 et
501 1926 650 1963 dedisse
677 1925 720 1962 in
746 1925 905 1963 liberam
932 1938 1067 1975 puram
1094 1927 1133 1962 et
1161 1928 1382 1974 perpetuam
1410 1925 1657 1963 elemosinam

198 1980 402 2020 Canonicis
421 1979 566 2017 ibidem
587 1977 674 2031 [sic]
701 1979 955 2017 servientibus
983 1979 1053 2017 deo
1081 1979 1123 2016 in
1151 1982 1380 2028 perpetuum
1407 1982 1655 2029 augmentum

198 2046 399 2073 commune
418 2046 485 2071 sue
513 2033 560 2071 de
589 2033 743 2071 ecclesia
772 2033 820 2070 de
847 2033 888 2070 N
890 2033 1055 2071 etelham
1082 2033 1241 2082 triginta
1259 2045 1413 2080 marcas,
1434 2033 1481 2070 de
1501 2033 1656 2071 ecclesia

198 2088 246 2126 (16
266 2087 621 2126 Goseberdcherche
639 2087 891 2136 quadraginta
908 2099 1063 2133 marcas,
1085 2086 1131 2124 de
1151 2086 1307 2124 ecclesia
1326 2087 1373 2124 (16
1400 2087 1656 2136 Greingeham

198 2144 354 2180 centum
386 2141 539 2188 solidos,
559 2141 608 2179 de
627 2141 782 2179 ecclesia
808 2140 854 2178 (16
884 2140 1039 2179 Stilton’
1059 2142 1213 2178 centum
1241 2141 1393 2188 solidos,
1425 2141 1472 2178 de
1501 2141 1657 2178 ecclesia

199 2196 247 2233 de
281 2194 468 2234 Wuborn’
498 2194 718 2244 quindecim
744 2207 899 2242 marcas,
919 2194 1116 2232 habendas
1149 2197 1186 2232 et
1218 2194 1455 2244 recipiendas
1487 2194 1534 2232 de
1561 2195 1657 2244 ipsis

198 2249 365 2287 ecclesiis
385 2261 470 2287 cum
488 2249 663 2299 proximo
681 2249 901 2287 vacaverint
915 2248 1114 2286 annuatim
1132 2248 1174 2286 in
1189 2251 1352 2297 quatuor
1371 2248 1464 2286 anni
1482 2249 1656 2286 terminis

198 2316 266 2353 per
283 2316 419 2340 manus
437 2315 565 2341 eorum
586 2303 655 2352 qui
681 2315 749 2352 pro
777 2305 947 2352 tempore
973 2302 1076 2352 ipsas
1096 2301 1269 2340 ecclesias
1288 2302 1483 2341 tenuerint
1501 2315 1568 2352 per
1586 2314 1656 2340 nos

199 2360 238 2395 et
265 2369 494 2395 successores
521 2360 671 2395 nostros
698 2356 765 2406 qui
784 2356 831 2394 de
853 2356 948 2406 ipsis
970 2356 1136 2394 ecclesiis
1156 2359 1194 2394 et
1213 2356 1392 2395 omnibus
1409 2356 1656 2407 pertinenciis

198 2423 327 2449 earum
347 2411 593 2462 disponemus
612 2413 650 2449 et
669 2410 930 2449 ordinabimus
948 2423 1016 2460 pro
1034 2410 1244 2449 voluntate.

832 2515 906 2570 [Fo
927 2515 1023 2570 312}

280 2597 492 2632 PEN810N
499 2598 557 2632 Εε
584 2589 631 2627 de
648 2589 810 2627 ecclesiis
828 2587 1041 2626 Netelham!
1059 2591 1095 2626 et
1112 2588 1205 2627 aliis
1221 2587 1494 2637 infi‘ascriptis.

280 2642 470 2680 Omnibus
490 2643 550 2680 Sec.
608 2642 771 2681 Noverit
799 2642 1026 2680 universitas
1053 2645 1180 2680 vestra
1206 2655 1277 2680 nos
1299 2655 1367 2692 pro
1385 2641 1508 2679 salute
1526 2640 1653 2679 anime

198 2698 327 2734 nostre
346 2698 383 2733 ct
402 2699 682 2734 antecessorum
701 2699 738 2734 et
757 2708 1013 2734 successorum
1031 2699 1247 2733 nostrorum
1265 2696 1314 2734 ad
1332 2695 1516 2733 honorem
1535 2694 1598 2732 dei
1617 2697 1655 2732 et

199 2750 360 2800 gloriose
378 2749 538 2799 virginis
557 2750 605 2788 de
623 2763 779 2788 assensu
797 2750 938 2799 Rogeri
955 2749 1104 2787 Decani
1131 2752 1170 2787 et
1198 2749 1371 2799 Capituli
1397 2748 1518 2786 nostri
1545 2748 1654 2786 Linc'

200 2803 426 2841 concessisse
459 2807 497 2841 et
530 2803 679 2842 dedisse
711 2804 753 2841 in
780 2804 938 2841 liberam
957 2816 1092 2853 puram
1111 2806 1149 2841 et
1166 2806 1389 2853 perpetuam
1407 2802 1654 2840 elemosinam

202 2857 405 2896 Canonicis
432 2857 577 2895 ibidem
605 2858 676 2896 deo
704 2857 960 2896 servientibus
982 2857 1263 2907 imperpetuum
1283 2859 1530 2906 augmentum
1557 2868 1655 2893 com-

199 2923 316 2949 mune
335 2923 402 2949 sue
421 2911 469 2949 de
496 2911 652 2951 ecclesia
679 2911 727 2950 de
754 2911 794 2950 Ν
796 2911 962 2949 etelham
988 2911 1147 2962 triginta
1173 2923 1328 2960 marcas,
1348 2910 1396 2948 de
1423 2910 1579 2948 ecclesia
1608 2910 1656 2947 de
