1844 3178
196 348 251 388 84
728 357 866 390 LIBER
895 356 1131 397 ANTIQUUS

194 459 236 496 in
255 457 427 519 proprios
459 468 551 494 usus
585 454 804 493 habendam
831 457 869 493 et
896 455 1180 506 imperpetuum
1203 454 1483 505 possidendam.
1546 454 1662 494 Salva

193 512 336 551 vicaria
353 511 396 549 in
416 510 548 548 eadem
583 509 788 547 medietate
820 522 888 559 per
917 522 989 547 nos
1018 510 1207 559 assignata
1227 521 1301 559 que
1321 509 1495 547 consistit
1513 508 1629 547 tum
1618 522 1662 547 m

195 569 278 604 toto
315 568 422 616 prato
460 568 545 602 tum
582 564 625 600 in
658 565 758 600 terra
789 565 875 601 tum
906 563 947 601 in
981 563 1174 612 mesuagio
1204 566 1242 600 et
1275 562 1455 612 altar-agio
1490 563 1661 612 ejusdem

193 620 411 658 medietatis
459 618 508 656 ad
554 630 670 667 quam
717 616 766 654 ad
812 630 940 655 earum
987 617 1312 667 presentacionem
1348 616 1376 654 J
1378 617 1568 654 ohannem
1614 617 1663 654 de

195 673 459 712 Mildecumbe
475 672 715 722 capellanum
731 674 959 721 perpetuum
975 671 1161 710 vicarium
1176 671 1411 710 admisimus.
1451 671 1663 709 Debebunt

193 731 323 766 autem
342 727 513 777 predicta
532 725 741 763 Abbatissa
753 728 791 763 et
807 729 1019 764 conventus
1039 725 1153 763 nobis
1172 727 1210 763 et
1225 725 1503 762 successoribus
1521 725 1664 762 nostris

193 783 242 820 ad
263 782 424 820 eandem
443 780 625 818 vicariam
645 792 733 817 cum
751 780 944 818 vacaverit
964 779 1202 829 capellanum
1230 778 1413 816 idoneum
1432 782 1660 828 presentare.

195 836 322 875 Salvis
353 836 396 873 in
431 834 611 872 omnibus
634 833 693 872 &c.
753 834 806 871 Et
833 837 878 872 ut
905 833 976 872 1100
1002 836 1133 872 nostra
1152 832 1345 871 concessio
1366 832 1426 870 &a
1483 833 1663 871 Testibus

194 890 286 928 Dat'
307 890 368 928 810.
392 893 436 927 ut
456 901 571 938 supra
590 890 692 925 carta
711 890 856 938 quarta.

262 995 365 1029 XXS·
389 993 708 1028 NORTHBURG.

275 1037 480 1075 Universis
500 1035 567 1074 810.
617 1035 781 1073 Noverit
801 1035 1033 1073 universitas
1048 1037 1174 1072 vestra
1191 1047 1262 1072 nos
1282 1033 1330 1071 de
1350 1045 1506 1072 assensu
1526 1033 1665 1082 Rogeri

194 1091 344 1128 Decani
376 1093 414 1128 et
444 1089 619 1139 Capituli
651 1089 773 1127 nostri
806 1089 914 1126 Linc'
935 1088 1067 1126 divine
1099 1088 1255 1138 pietatis
1282 1088 1430 1126 intuitu
1459 1087 1608 1125 dedisse
1627 1091 1665 1126 et

193 1145 422 1183 concessisse
442 1142 593 1181 dilectis
611 1144 654 1180 in
674 1143 830 1182 Christo
850 1143 940 1180 filiis
956 1142 1103 1180 Abbati
1122 1146 1161 1180 et
1176 1142 1398 1180 Conventui
1419 1142 1456 1181 S.
1475 1142 1598 1179 Marie
1618 1142 1665 1180 de

193 1202 302 1248 prato
336 1199 457 1237 Leirc’
477 1211 532 1236 xx
565 1197 708 1235 solidos
742 1197 789 1234 de
824 1197 981 1235 ecclesia
1014 1196 1062 1234 de
1090 1196 1328 1245 Northburg'
1347 1199 1434 1245 post
1468 1196 1666 1234 decessum

194 1253 222 1291 J
224 1253 388 1291 ohannis
407 1265 568 1302 persone
589 1252 694 1289 illius
714 1252 869 1289 ecclesie
889 1251 1091 1289 annuatim
1110 1251 1266 1288 nomine
1294 1250 1470 1300 perpetui
1488 1249 1666 1287 beneficii

193 1307 460 1357 percipiendos
488 1319 555 1356 per
583 1318 720 1343 manus
748 1305 854 1343 illius
882 1305 950 1355 qui
971 1318 1039 1354 pro
1068 1308 1239 1354 tempore
1264 1305 1469 1342 institutus
1488 1304 1666 1341 fueritin

194 1361 327 1399 eadem
341 1375 352 1409 3
379 1361 464 1410 ipso
493 1361 521 1399 J
523 1360 674 1398 ohanne
702 1359 877 1397 solvente
905 1359 959 1397 eis
987 1361 1141 1397 tantum
1170 1358 1372 1396 duodecim
1396 1358 1571 1396 denarios
1600 1371 1667 1408 per

194 1429 340 1453 annum
360 1415 486 1464 quoad
507 1414 664 1453 vixerit.
719 1414 910 1451 Dedimus
931 1414 1050 1451 eciam
1069 1416 1107 1451 et
1126 1413 1381 1451 concessimus
1408 1412 1456 1450 de
1479 1424 1666 1450 consensu

194 1470 358 1519 predicti
378 1469 526 1507 Decani
545 1471 583 1506 et
602 1468 775 1518 Capituli
793 1468 916 1505 nostri
934 1467 1042 1505 Linc'
1062 1467 1205 1505 eisdem
1224 1467 1373 1505 Abbati
1392 1469 1430 1504 et
1458 1466 1667 1504 conventui

194 1524 243 1562 de
277 1523 435 1561 ecclesia
468 1523 516 1561 de
551 1522 667 1561 Cotes
686 1535 742 1560 xx
761 1522 904 1560 solidos
932 1525 1019 1571 post
1048 1521 1245 1559 decessum
1273 1521 1452 1571 Magistri
1477 1520 1667 1570 Stephani

195 1578 243 1615 de
270 1577 498 1615 Manecestr'
529 1589 689 1626 persone
726 1577 833 1614 illius
870 1576 1025 1614 ecclesie
1063 1575 1264 1614 annuatim
1300 1575 1456 1613 nomine
1490 1575 1667 1624 perpetui

148 1650 150 1654 ’
194 1632 372 1670 beneficii
391 1631 657 1681 percipiendos
679 1644 745 1680 per
764 1643 901 1668 manus
929 1630 1051 1680 ipsius
1074 1630 1142 1679 qui
1168 1642 1236 1679 pro
1264 1632 1435 1678 tempore
1462 1629 1666 1666 institutus

196 1686 314 1724 fuerit
349 1687 393 1723 in
431 1686 561 1723 eadem
576 1699 587 1734 3
625 1685 709 1734 ipso
747 1685 933 1735 Magistro
973 1684 1170 1734 Stephano
1209 1684 1262 1721 eis
1300 1683 1474 1721 solvente
1512 1685 1666 1720 tantum

196 1740 399 1778 dimidiam
419 1752 583 1777 marcam
602 1752 669 1789 per
689 1752 834 1777 annum
850 1738 977 1789 quoad
991 1739 1143 1776 vixerit.
1203 1737 1329 1776 Salvis
1343 1737 1387 1774 in
1401 1737 1580 1775 omnibus
1596 1736 1664 1775 (Sec.

195 1794 248 1832 Et
266 1797 312 1832 ut
322 1795 400 1833 ‚hec
420 1797 549 1832 nostra
570 1793 763 1832 concessio
783 1792 851 1831 810.
908 1793 1089 1831 Testibus
1117 1795 1156 1831 et
1175 1791 1266 1830 Dat’
1285 1795 1329 1830 ut
1348 1792 1391 1829 in
1410 1794 1512 1829 carta
1531 1791 1667 1841 quinta

198 1848 432 1898 precedenti.

272 1954 404 1987 ΥΝΕΒ
425 1954 462 1987 Β.

278 1954 483 2034 Unive'rsis
518 1994 585 2034 &c
645 1994 811 2033 Noverit
847 1994 1079 2032 universitas
1115 1996 1243 2032 vestra
1279 2006 1350 2031 nos
1387 1993 1435 2031 de
1481 2005 1669 2031 consensu

198 2050 339 2100 Rogeri
359 2050 494 2088 decani
513 2052 551 2087 et
571 2049 745 2099 Capituli
764 2049 887 2087 nostri
900 2048 1008 2086 Linc’
1024 2048 1156 2087 divine
1175 2048 1331 2097 pietatis
1351 2047 1499 2085 intuitu
1519 2046 1668 2084 dedisse

198 2107 237 2142 et
255 2105 426 2154 presenti
445 2106 548 2142 carta
567 2103 809 2141 confirmasse
829 2103 980 2140 dilectis
999 2102 1043 2140 111
1063 2102 1218 2141 Christo
1245 2101 1398 2140 filiabus
1418 2101 1602 2139 Priorisse
1631 2104 1669 2138 et

188 2158 423 2197 -Conventui
461 2158 509 2196 de
545 2158 672 2196 Parva
708 2157 896 2195 Merlauia
932 2157 982 2194 ad
1020 2157 1300 2194 concessionem
1338 2155 1583 2193 dominorum
1620 2155 1668 2192 de

199 2212 349 2250 Ynebir
367 2212 533 2250 decimas
552 2212 600 2250 de
619 2211 811 2249 dominico
831 2211 879 2249 de
906 2210 1055 2249 Ynebir
1081 2211 1124 2248 in
1152 2211 1325 2260 proprios
1352 2222 1444 2247 usus
1472 2209 1669 2247 habendas

199 2269 238 2304 et
265 2266 551 2317 imperpetuum
578 2265 839 2315 possidendas,
868 2278 963 2315 quas
990 2265 1109 2303 iidem
1129 2264 1277 2302 domini
1296 2264 1484 2302 dederunt
1513 2266 1551 2301 et
1578 2263 1668 2301 dare

199 2324 480 2359 consueverunt
512 2320 727 2370 cuicunque
754 2320 901 2358 vellent
939 2319 1022 2357 sine
1060 2319 1272 2368 prejudicio
1310 2318 1474 2367 alicujus
1513 2317 1668 2355 ecclesie

198 2375 299 2412 sicut
314 2388 381 2424 per
395 2374 691 2425 inquisicionem
702 2374 744 2411 in
756 2371 924 2423 capitulo
936 2373 1011 2411 loci
1023 2373 1227 2422 diligenter
1239 2372 1381 2410 factam
1395 2371 1668 2422 perpendimus

200 2429 408 2467 evidenter.
467 2429 593 2467 Salvis
620 2429 663 2466 in
691 2428 870 2466 omnibus
898 2427 965 2466 &a
1022 2427 1075 2465 Et
1102 2430 1147 2465 ut
1174 2427 1244 2465 hec
1263 2430 1393 2464 nostra
1414 2425 1665 2464 confirmacio.

200 2480 284 2534 [Fo.
307 2481 395 2532 26¹0]
417 2483 608 2531 Testibus,
628 2485 667 2521 et
685 2481 788 2531 Dat’,
808 2486 853 2520 ut
871 2495 986 2532 supra
1003 2482 1046 2519 in
1065 2484 1167 2519 carta
1194 2481 1367 2531 septima.

283 2600 645 2635 ΑΡΡΒΟΡΒΙΑΟΙΟ
672 2590 889 2629 medietatis
925 2590 1070 2628 ecclesie
1106 2590 1152 2628 de
1192 2590 1367 2638 Torneya
1402 2591 1437 2626 et
1469 2587 1666 2626 ordinacio

204 2645 381 2694 ejusdem.

285 2698 489 2737 Universis
509 2697 575 2737 &c
626 2698 790 2738 Noverit
804 2698 1036 2737 universitas
1050 2700 1178 2736 vestra
1197 2708 1279 2745 nos,
1298 2696 1346 2735 de
1360 2709 1516 2735 assensu
1529 2695 1669 2745 Rogeri

200 2753 354 2790 {Decani
384 2756 422 2790 et
452 2752 626 2802 Capituli
655 2753 775 2800 Linc',
809 2753 940 2791 divine
969 2752 1124 2802 pietatis
1152 2752 1313 2798 intuitu,
1334 2751 1484 2789 dedisse
1514 2753 1552 2788 et
1582 2762 1668 2787 con-

205 2807 359 2845 cessisse
374 2807 501 2845 Priori
515 2810 553 2844 et
569 2807 792 2846 Conventui
807 2807 939 2846 Sancti
958 2807 1089 2854 Necti,
1110 2806 1267 2843 nomine
1285 2805 1461 2855 perpetui
1480 2803 1665 2851 beneficii,

205 2861 452 2899 medietatem
470 2861 625 2899 ecclesie
653 2861 701 2899 de
728 2862 901 2909 Torneia,
923 2873 997 2911 que
1025 2860 1073 2898 de
1101 2873 1232 2897 eorum
1258 2863 1315 2897 est
1333 2858 1596 2906 advocaciene,
1626 2857 1668 2894 in

206 2915 330 2954 forma
348 2915 585 2968 subscripta5
613 2915 794 2954 videlicet
825 2916 930 2966 quod
963 2915 1130 2953 habeant
1166 2917 1204 2952 et
1234 2916 1393 2952 teneant
1421 2913 1464 2950 in
1495 2911 1668 2962 proprios
