1844 3178
300 345 355 384 48
817 354 955 388 LIBER
983 354 1219 394 ANTIQUUS

299 458 385 494 octo
403 455 628 494 bovatarum
646 456 745 492 terre
763 453 806 490 in
825 452 959 491 eadem
972 453 1065 491 villa
1079 466 1174 503 quas
1186 453 1345 492 bovatas
1358 455 1456 492 terre
1469 454 1536 493 isti
1554 455 1762 506 subscripti

296 512 458 548 tenent:
501 509 616 557 Hugo
654 507 702 545 de
739 506 937 555 Hospitali
973 510 1079 545 tenet
1124 507 1220 545 duas
1265 508 1424 546 bovatas
1461 512 1500 547 et
1545 509 1759 558 dimidiam,

295 563 462 601 Thomas
481 563 528 601 de
560 560 763 599 Wielhorn
792 560 993 598 dimidiam
1024 561 1216 608 bovatam,
1236 561 1329 599 Viel
1359 562 1463 600 filius
1481 563 1620 613 Rogeri
1639 576 1757 602 unam

295 617 487 664 bovatam,
508 615 674 653 Thomas
691 615 796 652 filius
815 614 976 652 Aluredi
995 617 1033 653 et
1053 615 1211 653 Beatrix
1230 628 1334 653 soror
1362 616 1444 665 ejus
1472 616 1567 654 duas
1589 617 1758 666 bovatas,

297 671 496 710 Galfridus
527 669 630 707 filius
659 668 814 707 Osberti
844 681 962 706 unam
981 669 1173 716 bovatam,
1194 669 1364 718 Rogerus
1384 669 1536 708 Palmer
1555 671 1759 710 dimidiam

296 725 487 772 bovatam,
510 724 705 762 Walterus
725 723 934 772 Carpenter
958 723 1159 761 dimidiam
1186 723 1377 762 bovatam.
1436 724 1608 762 Habebit
1632 729 1761 764 autem

296 779 461 817 vicarius
490 778 634 822 toftum
665 776 884 826 proximum
916 776 1018 814 dicte
1051 777 1206 815 ecclesie
1237 789 1369 815 versus
1401 777 1621 827 aquilonem
1656 780 1760 829 quod

298 832 483 871 Osbertus
503 831 588 871 Cok
606 833 714 869 tenet
746 833 785 868 et
815 830 898 880 ipse
916 831 1081 869 vicarius
1109 831 1234 869 solvet
1260 832 1463 869 annuatim
1489 833 1760 873 tantummodo

296 887 496 937 synodalia
508 886 568 924 et
556 885 633 935 ipsi
644 884 824 934 magister
838 887 876 922 et
891 888 1104 923 conventus
1119 885 1380 935 procurabunt
1394 885 1612 947 hospicium
1623 887 1760 925 Archi-

295 941 447 979 diaconi
473 943 512 978 et
539 942 662 978 cetera
689 951 804 977 onera
831 934 1088 977 sustinebunt.
1145 938 1199 977 Et
1226 942 1284 978 est
1305 939 1446 978 vicaria
1470 940 1528 989 iiij
1550 953 1760 980 marcarum

296 997 334 1032 et
356 994 525 1033 dimidie.
938 1003 963 1016 ‘⁸

373 1110 570 1144 APPELE
591 1098 642 1153 [A
640 1098 762 1153 play]
778 1100 932 1138 Vicaria
943 1100 985 1138 in
996 1099 1154 1139 ecclesia
1166 1101 1213 1139 de
1219 1100 1370 1151 Appele
1381 1113 1457 1151 que
1469 1103 1527 1139 est
1539 1102 1758 1141 earumdem

293 1155 468 1193 consistit
486 1156 529 1193 in
547 1155 729 1204 altaragio
749 1156 787 1192 et
806 1154 847 1192 in
863 1154 1022 1192 decimis
1037 1158 1122 1193 octo
1138 1155 1364 1194 bovatarum
1378 1158 1477 1193 terre
1492 1168 1568 1205 que
1582 1157 1754 1195 nondum

291 1209 450 1247 fuerunt
468 1210 658 1260 assignate
677 1212 715 1247 et
733 1208 829 1259 ipsis
846 1209 916 1258 viij
941 1209 1093 1247 bovatis
1120 1210 1322 1259 assignatis
1343 1209 1415 1248 erit
1433 1209 1575 1248 vicaria
1593 1215 1758 1260 quatuor

291 1275 512 1302 marcarum.

374 1381 658 1415 MADEWELL.
712 1370 866 1410 Vicaria
910 1370 954 1408 in
999 1370 1156 1409 ecclesia
1202 1370 1250 1409 de
1296 1370 1524 1410 Madewelle
1572 1385 1647 1422 que
1697 1376 1757 1411 est

290 1426 510 1463 earumdem
542 1425 719 1463 consistit
749 1426 792 1463 in
825 1428 907 1463 toto
940 1425 1121 1474 altaragio
1154 1438 1241 1463 cum
1273 1425 1375 1463 tofto
1407 1426 1646 1475 assignando.
1703 1427 1756 1465 Et

290 1479 455 1517 vicarius
473 1480 596 1517 solvet
615 1479 884 1517 tantummodo
904 1479 1103 1528 synodalia
1131 1482 1169 1517 et
1194 1479 1270 1529 ipsi
1288 1480 1467 1529 magister
1486 1483 1524 1518 et
1543 1484 1756 1519 conventus

289 1534 549 1583 procurabunt
568 1534 783 1583 hospicium
803 1533 1062 1571 archidiaconi
1081 1536 1119 1571 et
1134 1533 1263 1572 omnia
1276 1533 1351 1572 alia
1365 1546 1480 1572 onera
1494 1535 1753 1574 sustinebunt.

290 1587 342 1625 Et
360 1591 419 1626 est
439 1588 581 1626 vicaria
600 1590 693 1626 tunc
713 1588 885 1638 quinque
904 1600 1125 1626 marcarum.

369 1705 790 1740 ννΑῡιΝεΕννοΒτΗ,
827 1695 982 1734 Vicaria
1005 1695 1046 1733 in
1073 1695 1229 1734 ecclesia
1257 1695 1305 1734 de
1331 1695 1651 1746 Wadingeworth
1679 1710 1756 1747 que

288 1752 347 1787 est
366 1750 584 1787 earumdem
612 1750 789 1787 consistit
816 1750 858 1787 in
885 1752 969 1787 toto
997 1750 1179 1799 altaragio
1208 1762 1295 1788 cum
1322 1753 1421 1788 terra
1449 1754 1488 1788 et
1507 1751 1686 1790 domibus
1706 1752 1756 1790 ad

289 1803 432 1842 dictam
465 1804 663 1842 ecclesiam
694 1804 990 1853 pertinentibus.
1047 1803 1100 1841 Et
1131 1804 1296 1842 vicarius
1328 1804 1452 1843 solvet
1485 1807 1754 1844 tantummodo

287 1857 489 1906 synodalia
522 1861 560 1895 et
591 1858 668 1907 ipsi
699 1858 879 1907 magister
915 1861 953 1896 et
991 1861 1204 1896 conventus
1240 1859 1501 1908 procurabunt
1537 1859 1755 1909 hospicium

287 1911 547 1950 archidiaconi
579 1916 617 1950 et
650 1915 772 1950 cetera
805 1924 919 1950 onera
951 1912 1210 1951 sustinebunt.
1269 1912 1322 1950 Et
1358 1913 1461 1951 valet
1497 1913 1639 1952 vicaria
1665 1914 1751 1964 iijess.

287 1966 400 2004 marc’
420 1968 458 2004 et
478 1966 622 2005 dimid'.

370 2083 669 2118 FFRESTONA.
734 2074 889 2112 Vicaria
906 2074 949 2112 in
968 2074 1125 2113 ecclesia
1143 2074 1191 2113 de
1210 2074 1372 2113 Freston
1391 2087 1466 2124 que
1484 2077 1542 2114 est
1560 2075 1696 2126 prioris
1715 2079 1754 2115 et

287 2131 499 2166 conventus
527 2128 575 2166 de
598 2128 631 2165 F
633 2131 761 2166 reston
789 2129 842 2167 sic
870 2131 928 2167 est
956 2129 1140 2167 ordinata.
1198 2129 1376 2167 Vicarius
1404 2130 1476 2167 erit
1504 2129 1553 2168 ad
1581 2143 1753 2169 mensam

286 2195 418 2220 eorum
436 2195 515 2221 una
534 2195 621 2220 cum
640 2183 777 2221 clerico
805 2195 874 2221 suo
902 2186 947 2221 ut
974 2183 1140 2222 vicarius
1167 2183 1359 2222 secularis.
1415 2184 1467 2222 Et
1485 2183 1568 2234 ipse
1586 2184 1752 2223 vicarius

284 2236 444 2274 habebit
481 2237 682 2275 annuatim
719 2237 814 2275 duas
850 2249 994 2275 marcas
1039 2237 1088 2275 ad
1132 2238 1319 2276 vestitum
1365 2249 1478 2275 suum
1516 2241 1555 2276 et
1591 2238 1752 2277 habebit

285 2291 502 2329 oblaciones
521 2291 570 2328 ad
588 2304 615 2329 v
632 2291 731 2329 festa
749 2291 844 2329 anni
861 2291 1007 2330 scilicet
1026 2291 1075 2329 ad
1092 2291 1236 2329 festum
1251 2291 1438 2330 Omnium
1453 2291 1680 2331 Sanctorum
1690 2293 1748 2342 J'd.

285 2344 335 2382 ad
349 2345 390 2382 N
391 2345 490 2383 atale
502 2345 666 2383 Domini
682 2345 766 2395 iijd.
783 2345 833 2383 ad
851 2345 1031 2395 pascham
1049 2345 1117 2394 iJ'd
1135 2345 1185 2383 ad
1203 2348 1452 2395 pentecosten
1465 2346 1522 2394 jd.
1539 2346 1590 2384 ad
1607 2337 1750 2385 ifestum

284 2399 441 2436 ecclesie
463 2399 519 2448 J'd.
547 2411 616 2448 pro
645 2412 799 2460 corpore
826 2400 996 2449 presenti
1018 2400 1075 2448 J'd.
1097 2412 1165 2449 pro
1194 2399 1437 2461 sponsalibus
1460 2399 1518 2449 J'd.
1576 2400 1749 2439 Habebit

284 2453 403 2491 eciam
422 2453 549 2491 dictus
564 2453 727 2491 vicarius
742 2454 954 2492 secundum
968 2453 1146 2503 legatum.
1196 2454 1369 2491 Habebit
1383 2454 1502 2492 eciam
1516 2454 1748 2503 palefridum

283 2507 333 2545 ad
351 2507 559 2556 fon-agium
578 2507 768 2545 dictorum
795 2509 931 2558 prioris
950 2510 989 2546 et
1008 2510 1219 2546 conventus
1239 2511 1278 2545 et
1296 2507 1346 2546 ad
1363 2508 1598 2557 prebendam
1616 2520 1749 2547 eorum
1802 2544 1804 2546 ,

282 2561 562 2600 racionabilem.
621 2562 673 2599 Et
708 2562 785 2611 ipsi
820 2562 922 2612 prior
960 2565 998 2600 et
1034 2565 1247 2600 conventus
1283 2562 1436 2600 solvent
1472 2562 1672 2611 synodalia
1709 2565 1747 2601 et

282 2614 498 2665 hospicium
517 2615 776 2654 archidiaconi
794 2616 1055 2666 procurabunt
1074 2619 1112 2654 et
1132 2619 1255 2654 cetera
1274 2628 1389 2654 onera
1408 2616 1666 2655 sustinebunt.

365 2729 679 2767 BUTREWYKE.
711 2724 866 2762 Vicaria
876 2724 919 2762 in
929 2724 1085 2762 ecclesia
1098 2724 1146 2761 de
1158 2723 1358 2763 Buterwik
1369 2736 1444 2774 que
1456 2726 1514 2762 est
1526 2724 1746 2762 eorumdem

282 2777 458 2815 consistit
476 2777 520 2815 in
539 2780 619 2815 toto
648 2778 829 2827 altaragio
858 2791 946 2816 cum
973 2778 1072 2816 tofto
1099 2778 1318 2827 pertinente
1345 2779 1395 2816 ad
1422 2778 1617 2816 ecclesiam
1646 2782 1684 2816 et
1703 2779 1746 2816 in

281 2831 437 2869 redditu
455 2832 707 2880 quadraginta
722 2832 964 2870 denariorum
979 2833 1196 2881 antiquitus
1211 2832 1348 2871 collato
1364 2832 1412 2870 ad
1426 2832 1630 2870 luminaria
1641 2845 1744 2882 repe-

281 2885 415 2923 rienda
426 2885 467 2923 in
483 2886 585 2924 dicta
592 2886 637 2938 (2)
653 2887 819 2924 ecclesia.
877 2887 929 2925 Et
943 2887 1108 2926 vicarius
1122 2887 1245 2925 solvet
1259 2886 1527 2925 tantummodo
1541 2886 1744 2936 synodalia
