1844 3178
640 330 845 365 Hueoms
883 331 1048 366 WELLS.
1352 370 1357 375 ,
1532 325 1584 364 15

203 436 470 471 ΟΒΕΙΝΟΟΝ.
506 429 660 468 Vicaria
676 429 720 468 in
738 428 894 468 ecclesia
912 429 959 468 de
974 428 1169 469 Creindon
1187 442 1262 480 que
1281 432 1338 469 est
1360 430 1525 472 Abbatis
1544 437 1584 473 et

125 483 350 524 Conventus
369 483 417 521 de
435 483 477 522 N
477 484 629 534 uteleya
648 481 808 537 [blank]

204 597 436 632 ΟΗΙΙ.ΤοΝ.
472 590 626 630 Vicaria
652 591 696 629 in
723 590 878 629 ecclesia
905 591 953 630 de
972 591 1133 631 Chilton
1160 604 1235 642 que
1262 594 1321 630 est
1348 591 1515 632 Abbatis
1543 597 1582 633 et

125 644 350 685 Conventus
370 644 418 684 de
436 644 629 696 Nuteleya
648 643 807 697 [blank]⁸

206 758 484 794 ESSENDON.
519 752 673 791 Vicaria
699 752 741 790 in
769 751 925 790 66616616
951 752 999 790 (16
1018 753 1217 792 Essendon
1245 765 1320 804 que
1343 756 1401 792 est
1418 753 1588 794 Abbatis

124 808 163 845 et
183 806 409 846 Conventus
428 806 476 844 de
494 806 534 845 N
536 807 688 856 uteleya
709 803 870 859 [blank]

204 919 471 955 ὃοΒΙΝΤΟΝ.
508 912 662 951 Vicaria
679 913 722 951 in
741 912 896 952 ecclesia
923 912 971 951 de
992 912 1186 952 Sobinton
1213 927 1287 964 que
1314 918 1371 954 est
1391 916 1530 966 prioris
1549 920 1588 956 et

125 966 350 1007 Conventus
369 967 417 1005 de
435 966 703 1016 Walingeford
721 967 945 1006 auctoritate
973 968 1126 1006 concilii
1155 968 1331 1007 ordinata
1351 970 1527 1009 consistit
1545 971 1588 1009 in

124 1024 207 1060 toto
226 1021 406 1071 altaragio
434 1021 540 1059 illius
568 1021 723 1059 ecclesie
756 1024 794 1059 et
821 1021 865 1059 in
892 1021 1051 1059 decimis
1079 1021 1210 1060 decem
1236 1023 1471 1073 virgatarum
1489 1028 1588 1063 terre

125 1075 270 1114 scilicet
299 1075 456 1113 duaram
483 1075 716 1125 virgatarum
749 1075 796 1113 de
830 1074 1023 1113 dominico
1052 1075 1206 1114 ecclesie
1234 1079 1273 1115 et
1300 1077 1416 1116 unius
1443 1078 1590 1129 virgate

126 1142 242 1179 quam
274 1128 445 1179 Rogerus
473 1128 608 1178 Suayn
639 1131 746 1167 tenet
779 1131 818 1167 et
849 1129 965 1167 unius
993 1129 1141 1179 virgate
1173 1142 1290 1179 quam
1316 1131 1504 1170 Ricardus
1535 1133 1590 1170 fil'

126 1182 328 1221 Herwardi
346 1185 454 1220 tenet
472 1185 511 1220 et
529 1183 645 1220 unius
664 1183 810 1233 virgate
829 1195 945 1232 quam
959 1183 1127 1221 Matilda
1141 1183 1274 1222 Comb'
1290 1187 1397 1223 tenet
1415 1189 1454 1224 et
1474 1187 1590 1225 unius

125 1237 271 1287 virgate
286 1249 402 1286 quam
422 1236 538 1286 Hugo
552 1236 706 1286 Auceps
721 1240 760 1275 et
779 1236 1015 1286 Reginaldus
1030 1237 1259 1287 Pelliparius
1274 1241 1313 1276 te
1330 1237 1405 1291 [fo.
1422 1237 1480 1292 5⁸]
1495 1243 1591 1278 nent

125 1294 165 1329 613
183 1291 299 1328 11111116
319 1290 466 1339 virgate
484 1303 601 1340 quam
621 1290 820 1329 Gilbertus
837 1290 889 1328 fil’
906 1290 1109 1328 Herwardi
1127 1294 1232 1329 tenet
1252 1295 1290 1330 et
1310 1293 1425 1331 unius
1443 1295 1591 1344 virgate

125 1357 242 1394 quam
261 1344 453 1382 Robertus
471 1344 626 1394 Auceps
645 1347 683 1382 et
702 1344 819 1394 Hugo
843 1344 890 1382 de
908 1343 946 1382 16
966 1344 1084 1382 Η6166
1098 1348 1232 1383 tenent
1251 1348 1290 1384 et
1310 1347 1426 1384 unius
1444 1348 1591 1397 virgate

125 1411 242 1448 quam
261 1398 500 1436 Willielmus
521 1397 694 1448 Suening
711 1401 829 1437 tenet.
888 1398 1076 1437 Consistit
1095 1399 1213 1436 eciam
1241 1400 1284 1437 in
1304 1400 1429 1438 tribus
1448 1402 1587 1439 annuis

125 1452 303 1490 carecatis
324 1452 372 1489 de
390 1451 478 1489 feno
498 1451 782 1490 monachorum.
839 1451 1017 1490 Vicarius
1045 1455 1175 1490 autem
1193 1453 1382 1491 sinodalia
1400 1455 1590 1504 persolvet

125 1513 163 1545 et
181 1506 360 1544 monachi
378 1505 590 1556 hospitium
604 1505 878 1544 Archidiaconi
895 1506 1166 1555 procurabunt.
1223 1507 1288 1545 Ad
1303 1507 1487 1547 fabricam
1500 1522 1590 1548 vero

126 1559 285 1598 cancelli
313 1563 351 1597 et
385 1559 435 1597 ad
467 1562 694 1611 ornamenta
722 1562 760 1598 et
798 1559 917 1597 libros
953 1562 1034 1597 tam
1069 1560 1248 1599 monachi
1282 1574 1398 1612 quam
1424 1563 1590 1602 vicarius

126 1612 460 1664 proportionaliter
479 1613 677 1652 conferent
694 1626 762 1664 pro
781 1613 861 1652 suis
880 1614 1136 1663 porcionibus.

211 1727 430 1762 1LEMERE.
467 1721 621 1759 Vicaria
637 1721 681 1759 in
699 1721 856 1760 ecclesia
874 1720 922 1759 de
941 1720 1102 1769 Ilemer’,
1118 1721 1300 1772 priorisse
1315 1726 1354 1762 et
1369 1724 1592 1763 Conventui

127 1775 176 1813 (16
213 1775 397 1824 Stodleya
437 1787 505 1823 per
540 1775 742 1814 dominum
787 1775 994 1826 Hugonem
1040 1776 1251 1815 secundum
1289 1780 1328 1816 et
1365 1778 1590 1829 Capitulum

127 1829 301 1868 Lincoln'
322 1827 482 1882 [blank]

207 1943 314 1977 WEN
322 1943 500 1977 DOURE.
537 1936 692 1975 Vicaria
710 1937 753 1975 in
773 1936 929 1975 ecclesia
948 1937 995 1975 de
1010 1937 1233 1977 Wendoure
1251 1951 1326 1989 que
1345 1942 1403 1978 est
1413 1940 1591 1990 priorisse

129 1993 167 2029 et
201 1990 426 2029 Conventus
458 1990 506 2028 de
534 1990 712 2029 Suwerth
749 2004 798 2029 ex
834 1991 983 2029 dudum
1020 1991 1195 2030 ordinata
1226 1994 1401 2032 consistit
1432 1995 1476 2032 in
1507 1998 1590 2033 toto

129 2044 309 2093 altaragio
338 2047 376 2081 et
412 2044 454 2081 in
491 2045 607 2082 tercia
642 2047 750 2094 parte
787 2045 932 2083 decime
968 2045 1170 2095 garbarum
1209 2046 1256 2085 de
1293 2050 1375 2086 tota
1411 2049 1591 2098 parochia

128 2098 392 2149 provenientis
429 2101 467 2136 et
514 2098 721 2137 sustinebit
756 2099 922 2137 vicarius
968 2100 1097 2137 omnia
1134 2112 1248 2139 onera
1293 2101 1399 2140 illius
1435 2103 1590 2142 ecclesie

129 2151 358 2203 episcopalia
376 2154 415 2190 et
433 2151 751 2191 archidiaconalia
770 2152 900 2191 debita
919 2155 958 2192 et
976 2156 1168 2192 consueta.

211 2265 387 2301 MAGNA
407 2266 674 2300 KYNEBELL.
710 2260 864 2299 Vicaria
894 2261 937 2298 in
969 2260 1125 2299 ecclesia
1157 2261 1204 2299 de
1234 2261 1377 2313 Magna
1406 2263 1592 2303 Kinebell

130 2326 205 2364 que
233 2316 290 2351 est
316 2313 483 2351 Abbatis
515 2316 554 2351 et
583 2313 807 2353 Conventus
840 2315 888 2353 de
920 2314 1154 2353 Messenden
1185 2317 1411 2355 auctoritate
1438 2319 1592 2357 concilii

130 2367 305 2406 ordinata
324 2367 499 2405 consistit
525 2367 568 2405 in
595 2370 677 2406 toto
705 2368 887 2418 altaragio
913 2372 950 2406 et
977 2369 1021 2406 in
1048 2369 1226 2407 omnibus
1253 2371 1414 2410 minutis
1433 2372 1591 2411 decimis

130 2434 313 2471 agnorum
333 2424 371 2458 et
389 2421 593 2459 medietate
612 2422 758 2460 decime
775 2422 870 2461 lane.
929 2422 1118 2461 Consistit
1137 2423 1256 2461 eciam
1270 2425 1312 2462 in
1332 2425 1481 2464 duabus
1496 2427 1591 2465 66116

130 2479 228 2513 terre
246 2487 324 2512 una
343 2475 487 2513 scilicet
505 2475 548 2512 in
565 2487 644 2513 uno
664 2488 796 2526 campo
820 2480 859 2514 et
885 2476 960 2514 alia
986 2477 1029 2514 in
1047 2477 1122 2515 alio
1142 2480 1180 2515 et
1199 2490 1330 2516 manso
1350 2483 1591 2530 competente

131 2529 256 2567 eidem
283 2529 422 2567 vicarie
449 2529 639 2578 assignato
667 2530 811 2568 scilicet
839 2543 888 2568 ex
916 2531 1091 2580 opposito
1118 2533 1227 2580 p01te
1254 2532 1432 2571 cimiterii
1459 2547 1591 2572 versus

131 2586 312 2621 austrum.
387 2582 438 2620 Et
475 2583 599 2621 solvet
642 2584 807 2622 vicarius
852 2585 1041 2623 sinodalia
1085 2587 1250 2635 tantum,
1289 2587 1462 2625 canonici
1498 2600 1590 2627 vero

130 2637 343 2687 hospitium
361 2636 618 2674 archidiaconi
635 2638 903 2688 procurabunt.

213 2750 502 2785 ΗΕΟΕΝΗΑΜ.
538 2743 692 2783 Vicaria
708 2745 751 2783 in
779 2746 934 2784 66616616
961 2746 1009 2784 (16
1029 2745 1260 2785 Hedenham
1287 2760 1362 2798 que
1380 2751 1438 2787 est
1455 2749 1592 2799 prioris

131 2801 170 2837 et
199 2797 423 2837 Conventus
453 2797 501 2835 de
529 2797 681 2836 Boltam
695 2799 737 2849 (2)
777 2812 827 2838 ex
858 2799 1007 2838 dudum
1034 2800 1209 2839 ordinata
1236 2803 1410 2841 consistit
1436 2803 1480 2841 in
1507 2806 1590 2842 toto

131 2852 312 2902 altaragio
338 2851 492 2890 ecclesie
519 2851 568 2890 de
595 2852 827 2892 Hedenham
859 2857 898 2892 et
929 2854 971 2891 in
1003 2856 1085 2892 tota
1117 2855 1261 2905 capella
1287 2856 1336 2895 de
1364 2856 1589 2908 Cudington
