1844 3178
680 331 886 366 HUGONIS
919 330 1083 366 WELLS.
1558 322 1610 364 27

238 439 620 474 ALKMUNDEBm’.
656 428 811 467 Vinaria
828 429 870 466 in
899 429 1055 468 ecclesia
1082 429 1129 467 de
1156 428 1449 467 Alkmundebir’
1465 442 1539 479 que
1559 435 1616 470 est

159 483 439 522 canonicorum
474 483 521 521 de
553 483 709 520 Merton
742 483 790 520 ab
823 483 981 532 antiquo
1014 484 1068 521 sic
1104 486 1162 521 est
1198 482 1381 521 ordinata.
1438 483 1615 523 Vicarius

158 536 343 587 percipiet
363 549 494 575 omnes
513 537 683 575 minutas
702 536 867 574 decimas
883 539 921 574 et
938 537 1193 575 obvenciones
1212 536 1261 575 ad
1279 536 1475 575 ecclesiam
1493 539 1616 588 ipsam

158 593 374 641 spectantes
391 593 519 641 preter
536 590 670 640 garbas
689 593 727 628 et
746 590 952 629 sustinebit
971 591 1099 629 omnia
1117 603 1231 629 onera
1249 590 1487 641 episcopalia.

236 740 564 776 GUMEGESTffi
601 731 755 769 Vicaria
799 731 842 768 in
888 731 1043 769 ecclesia
1080 731 1128 769 de
1170 731 1401 770 Gumecestr’
1439 744 1514 782 que
1559 736 1617 771 est

157 786 364 823 eorundem
411 785 691 824 Canonicorum
729 785 776 823 de
822 784 977 822 Merton
1014 785 1238 823 auctoritate
1279 785 1432 823 concilii
1469 786 1522 824 sic
1559 790 1616 825 est

156 840 342 877 ordinata.
398 839 576 877 Vicarius
604 839 787 888 percipiet
814 851 946 876 omnes
974 839 1228 876 obvenciones
1256 839 1386 876 altaris
1414 842 1452 876 et
1481 852 1612 878 omnes

155 894 324 931 minutas
343 893 508 930 decimas
528 896 565 930 et
583 893 677 931 alios
705 896 914 942 proventus
942 893 1112 942 ejusdem
1135 893 1288 930 ecclesie
1307 897 1432 942 preter
1451 893 1616 932 decimas

156 947 356 997 garbarum
390 950 429 984 et
461 949 587 996 preter
622 950 760 984 terram
798 946 952 984 ecclesie
990 959 1077 984 cum
1109 947 1331 984 tenentibus
1369 947 1539 996 ejusdem
1578 951 1616 985 et

155 1001 370 1038 redditibus
389 1000 620 1038 tenencium.
677 1000 729 1038 Et
747 1000 907 1038 habebit
926 1013 1102 1037 mansum
1123 1000 1267 1038 scilicet
1286 1003 1425 1038 terram
1445 1013 1519 1050 que
1539 1001 1616 1039 fuit

154 1054 349 1092 Amabilie
369 1067 443 1104 que
466 1053 666 1092 consuevit
692 1054 849 1091 reddere
876 1054 1047 1104 quinque
1074 1054 1217 1091 solidos
1244 1057 1282 1092 et
1302 1054 1421 1092 alium
1439 1067 1616 1093 mansum

156 1109 223 1158 qui
241 1108 317 1145 fuit
335 1108 492 1146 Radulfi
510 1107 578 1157 qui
606 1108 805 1146 consuevit
832 1107 976 1145 solvere
999 1110 1075 1145 tres
1094 1107 1246 1146 solidos.
1305 1108 1616 1151 Habebiteciam

155 1165 319 1211 quatuor
345 1174 448 1199 acras
475 1161 576 1211 prati
602 1162 645 1198 in
672 1165 780 1211 prato
801 1161 848 1199 de
875 1161 1060 1211 Bra'pton
1087 1174 1174 1199 cum
1202 1173 1270 1199 suo
1299 1174 1411 1200 onere
1435 1165 1474 1200 et
1501 1163 1617 1200 debet

156 1216 284 1254 omnia
311 1228 424 1253 onera
447 1215 568 1264 ipsius
596 1215 751 1253 ecclesie
778 1218 858 1253 tam
900 1215 1129 1265 episcopalia
1155 1228 1271 1265 quam
1298 1215 1617 1254 archidiaconalia

156 1270 342 1307 sustinere
381 1272 418 1307 et
456 1270 504 1306 de
541 1269 722 1319 predictis
758 1270 807 1306 ad
852 1269 1065 1307 valenciam
1101 1270 1184 1319 xxij
1223 1281 1434 1314 marcarum
1474 1270 1616 1308 vicario

156 1324 356 1373 assignatis
375 1323 510 1372 reddet
537 1323 701 1361 vicarius
728 1336 875 1361 annuas
894 1336 922 1361 x
939 1335 1082 1361 marcas
1111 1324 1161 1361 ad
1178 1336 1332 1373 pascam
1351 1327 1390 1361 et
1408 1323 1457 1362 ad
1475 1324 1616 1363 festum

156 1378 278 1415 sancti
298 1377 507 1415 Michaelis.

239 1527 573 1562 HEMflNGFORD,
611 1517 763 1555 Vicaria
798 1518 842 1555 in
878 1517 1035 1556 ecclesia
1071 1517 1119 1555 de
1155 1517 1412 1567 Hemingford
1447 1531 1522 1568 que
1559 1522 1617 1557 est

157 1572 438 1611 Canonicorum
457 1571 649 1609 Huntind'
669 1572 894 1609 auctoritate
913 1571 1066 1609 concilii
1085 1571 1260 1609 ordinata
1280 1572 1453 1610 consistit
1472 1573 1515 1611 in
1534 1576 1616 1611 toto

155 1626 336 1675 altaragio
365 1629 403 1663 et
425 1625 618 1675 mesuagio
656 1626 889 1675 competenti
916 1628 955 1663 et
988 1625 1167 1663 omnibus
1203 1626 1364 1664 minutis
1393 1626 1550 1664 decimis
1578 1630 1616 1665 et

155 1679 405 1730 proventibus
424 1679 588 1717 66616616.
629 1678 755 1718 Salvis
775 1679 918 1717 eisdem
939 1679 1144 1718 Canonicis
1163 1682 1207 1717 ut
1226 1692 1340 1729 supra
1353 1680 1395 1717 in
1409 1681 1550 1718 vicaria
1569 1681 1616 1719 (16

155 1733 356 1772 Winewic.
413 1733 590 1771 Vicarius
617 1733 865 1783 respondebit
884 1733 932 1771 de
952 1733 1192 1771 sinodalibus
1213 1737 1251 1771 et
1270 1734 1477 1772 sustinebit
1504 1748 1617 1773 onera

155 1787 395 1838 parochialia.
452 1788 505 1825 Et
523 1787 645 1826 solvet
663 1788 864 1825 annuatim
892 1787 1056 1826 Sacriste
1075 1786 1200 1825 Hunt’
1220 1787 1420 1826 dimidiam
1439 1801 1614 1827 marcam.

158 1842 343 1881 Canonici
356 1841 643 1890 respondebunt
658 1841 706 1879 de
719 1842 986 1891 procuracione
1005 1841 1288 1880 Archidiaconi.
1345 1842 1462 1880 Valet
1477 1843 1617 1881 vicaria

156 1899 320 1945 quatuor
338 1895 448 1933 marc'
469 1898 507 1933 et
525 1894 673 1934 dimid!
727 1895 872 1933 Totalis
891 1895 1047 1933 ecclesia
1065 1895 1108 1933 ix
1127 1895 1251 1934 marc.'

235 2045 482 2080 STWEKLE.
519 2036 674 2074 Vicaria
701 2036 743 2074 in
771 2035 927 2074 ecclesia
954 2035 1002 2074 de
1034 2035 1191 2075 Stiuecl’
1221 2049 1295 2086 que
1323 2039 1380 2074 est
1407 2037 1616 2075 eorundem

157 2091 424 2129 canonicorum
460 2089 585 2128 Hunt’
614 2090 840 2128 auctoritate
868 2090 1021 2128 concilii
1048 2090 1223 2128 ordinata
1260 2090 1435 2128 consistit
1462 2091 1504 2129 in
1531 2094 1615 2130 toto

156 2144 337 2193 altaragio
365 2147 404 2182 et
433 2144 625 2194 mesuagio
662 2144 895 2193 competenti
926 2145 1044 2193 juxta
1076 2144 1270 2182 ecclesiam
1300 2148 1338 2182 et
1365 2145 1409 2182 in
1436 2145 1615 2183 omnibus

156 2198 317 2236 minutis
345 2198 501 2236 decimis
529 2201 568 2236 et
595 2198 847 2248 proventibus
875 2198 1040 2236 ecclesie.
1099 2198 1224 2237 Salvis
1253 2198 1396 2236 eisdem
1424 2199 1615 2237 canonicis

156 2256 202 2290 ut
238 2265 351 2302 supra
386 2252 527 2290 vicaria
562 2253 747 2302 proxima.
803 2252 981 2290 Vicarius
1016 2252 1263 2302 respondebit
1297 2252 1345 2290 de
1377 2253 1615 2291 sinodalibus

157 2309 196 2344 et
232 2306 437 2344 sustinebit
465 2319 579 2344 onera
610 2306 851 2357 parochialia.
911 2306 1098 2345 Canonici
1129 2306 1272 2345 facient
1306 2307 1615 2356 procuracionem

156 2360 439 2399 Archidiaconi.
497 2360 613 2399 Valet
641 2360 782 2399 vicaria
814 2360 986 2411 quinque
1021 2360 1147 2400 marc.'
1201 2360 1345 2399 Totalis
1373 2361 1531 2400 ecclesia
1557 2362 1615 2399 xii

157 2414 282 2453 marc.'

800 2483 882 2537 [Fo.
907 2483 977 2538 92]

238 2565 278 2598 Β.
317 2564 467 2598 ΜΑΒΙΕ
501 2564 634 2599 APUD
668 2564 914 2598 SANCTUM
952 2564 1175 2598 ΝΕΟΤυΜ.
1230 2555 1382 2594 vicaria
1400 2556 1442 2593 in
1461 2556 1617 2595 ecclesia

156 2609 274 2647 Beate
302 2609 425 2647 Marie
453 2609 556 2659 apud
584 2609 770 2648 Sanctum
798 2609 969 2646 Nectum
996 2621 1072 2658 que
1098 2611 1156 2646 est
1182 2609 1318 2659 prioris
1341 2613 1380 2647 et
1402 2614 1615 2649 conventus

155 2664 301 2702 ibidem
321 2661 480 2715 [blank]

158 2840 212 2895 [bl
239 2797 476 2894 ΕἴῗΒΤοΝ,
513 2787 667 2827 vicaria
693 2787 737 2826 in
761 2786 916 2826 ecclesia
943 2786 991 2825 de
1018 2787 1189 2826 Euerton
1217 2800 1291 2837 que
1320 2791 1377 2826 est
1405 2789 1614 2828 eorundem

213 2855 263 2880 cm
310 2872 317 2880 .
