1844 3178
649 364 682 396 H
686 361 812 397 UGON
815 363 855 396 IS
885 362 1050 397 WELLS.
1528 354 1552 393 '2
1559 353 1579 393 1

203 470 451 505 ΒΕΕΕΝΗΟ,
489 461 643 500 Vicaria
669 461 712 499 in
739 461 895 499 ecclesia
921 461 969 499 de
989 460 1163 511 Segenho
1192 473 1266 510 que
1294 462 1352 498 est
1375 462 1584 500 eorundem

122 518 347 555 auctoritate
367 516 520 555 concilii
539 515 714 553 ordinata
732 515 908 553 consistit
928 515 970 552 in
990 518 1072 553 toto
1091 514 1271 563 altaragio
1287 514 1457 564 exceptis
1476 516 1583 565 agnis

123 570 191 619 qui
229 571 346 620 priori
386 573 425 608 et
453 570 626 608 canonici
653 568 915 606 remanebunt.
973 568 1025 606 Et
1053 569 1176 606 solvet
1202 568 1367 606 vicarius
1394 568 1584 607 sinodalia

122 626 276 662 tantum
295 625 469 662 canonici
486 636 576 662 vero
596 623 725 660 omnia
743 622 818 660 alia
836 622 957 671 ipsius
972 623 1126 660 ecclesie
1141 634 1254 660 onera
1268 621 1527 660 sustinebunt.

205 737 485 771 MELEBROK.
522 729 676 768 Vicaria
702 729 745 767 in
773 728 928 766 ecclesia
955 728 1003 766 de
1023 728 1244 767 Melebrock
1272 741 1347 778 que
1374 731 1431 766 est
1450 730 1585 778 prioris

123 787 161 821 et
176 788 387 822 conventus
407 785 454 822 de
474 784 582 821 Bello
601 784 702 821 Loco
724 783 949 820 auctoritate
967 784 1119 821 concilii
1147 783 1322 820 ordinata
1340 783 1514 820 consistit
1542 783 1585 821 in

121 841 204 875 toto
241 838 422 887 altaragio
459 841 584 887 preter
628 849 745 886 agnos
782 849 868 874 cum
904 849 1037 874 manso
1083 840 1322 886 competente
1368 839 1406 874 et
1451 837 1585 874 reddet

122 891 286 929 vicarius
319 891 516 929 monachis
553 891 735 940 predictis
771 890 815 927 xl
850 890 1025 927 denarios
1067 894 1105 927 et
1141 890 1283 928 archid’
1315 891 1585 928 tantummodo

122 945 332 983 sinodalia:
360 945 463 994 prior
499 957 589 982 vero
626 944 673 982 de
709 943 880 993 hospicio
917 943 1176 982 archidiaconi
1213 947 1251 981 et
1284 944 1464 981 omnibus
1500 944 1586 982 aliis

122 999 301 1037 oneribus
315 999 563 1049 respondebit
578 1001 616 1035 et
629 997 734 1036 valet
748 997 889 1035 vicaria
903 997 961 1047 iiij
982 997 1094 1035 marc'
1109 996 1215 1036 total’
1230 1000 1359 1036 autem
1373 998 1530 1036 ecclesia
1545 1011 1582 1037 x.

202 1111 493 1145 AUNTfflLLE.
530 1105 685 1143 Vicaria
703 1105 745 1142 in
764 1104 920 1143 ecclesia
939 1105 986 1142 de
1001 1104 1187 1143 AunthiH
1206 1117 1281 1155 que
1301 1108 1358 1143 est
1377 1105 1586 1143 eorundem

121 1158 347 1196 auctoritate
368 1158 520 1196 concilii
539 1159 715 1196 ordinata
734 1162 792 1196 est
811 1159 853 1196 in
872 1158 976 1196 hunc
995 1158 1163 1197 modum.
1230 1159 1407 1197 Vicarius
1426 1159 1587 1197 habebit

120 1215 239 1251 totam
280 1212 475 1250 ecclesiam
512 1213 668 1250 nomine
705 1213 844 1251 vicarie
881 1225 947 1250 sue
983 1216 1109 1262 preter
1145 1213 1305 1262 majores
1343 1216 1381 1251 et
1417 1214 1588 1251 minutas

121 1266 286 1304 decimas
304 1265 352 1303 de
371 1265 563 1304 dominico
583 1266 700 1305 salvis
726 1266 818 1304 inde
836 1265 951 1304 dictis
969 1266 1166 1304 monachis
1185 1280 1210 1304 v
1229 1266 1362 1304 solidis
1390 1267 1529 1305 annuis
1549 1270 1588 1305 et

120 1320 244 1358 solvet
262 1319 426 1358 vicarius
449 1320 636 1358 sinodalia
654 1323 808 1358 tantum
826 1320 1005 1358 monachi
1032 1333 1121 1358 vero
1150 1321 1278 1358 omnia
1304 1321 1379 1358 alia
1407 1334 1521 1359 onera
1549 1324 1588 1359 et

119 1377 243 1412 cetera
259 1376 305 1412 ut
332 1386 446 1424 supra
472 1377 511 1412 et
537 1374 642 1413 valet
668 1374 810 1412 vicaria
826 1386 853 1412 v
870 1373 993 1412 marc'.
1050 1373 1195 1412 Totalis
1224 1377 1352 1412 autem
1369 1375 1527 1413 ecclesia
1554 1374 1585 1413 C

118 1427 194 1466 sol’.

201 1541 510 1576 GLOPHULLE.
548 1534 702 1573 Vicaria
719 1534 762 1572 in
781 1534 937 1573 ecclesia
952 1535 999 1573 de
1015 1534 1201 1584 Olophull
1215 1548 1289 1585 que
1303 1539 1361 1574 est
1380 1536 1588 1574 eorundem

121 1589 346 1627 auctoritate
365 1588 520 1625 concilii
540 1589 717 1626 ordinata
735 1591 793 1626 est
810 1589 853 1626 in
872 1589 976 1627 hunc
1004 1589 1172 1627 modum.
1231 1590 1409 1628 Vicarius
1428 1590 1589 1628 habebit

122 1643 278 1680 nomine
296 1642 437 1680 vicarie
455 1654 522 1679 sue
542 1645 669 1680 totum
684 1642 908 1692 altaragium
922 1645 1048 1692 preter
1062 1656 1177 1693 agnos
1192 1643 1376 1682 solvendo
1391 1645 1589 1682 monachis

122 1696 303 1746 predictis
322 1709 349 1733 x
368 1695 510 1733 solidos
532 1709 691 1735 annuos.
750 1697 921 1734 Habebit
949 1697 1067 1734 eciam
1096 1710 1272 1735 mansum
1300 1698 1404 1747 quod
1423 1699 1589 1736 vicarius

122 1750 261 1788 habere
273 1750 473 1788 consuevit
486 1750 586 1787 nihil
598 1750 690 1788 inde
701 1750 907 1788 reddendo.
947 1750 999 1788 Et
1011 1750 1134 1788 solvet
1145 1751 1308 1789 vicarius
1320 1753 1587 1790 tantummodo

122 1804 310 1842 sinodalia
328 1803 506 1842 monachi
525 1817 614 1842 vero
633 1804 762 1842 omnia
780 1804 854 1842 alia
873 1807 911 1842 et
931 1808 1053 1843 cetera
1072 1808 1116 1843 ut
1135 1818 1249 1855 supra
1267 1809 1306 1844 et
1325 1806 1429 1845 valet
1447 1806 1588 1845 vicaria

122 1858 179 1908 iiij
201 1858 311 1896 marc’
331 1858 436 1895 total'
457 1858 613 1896 ecclesia
638 1871 674 1896 v.

203 1971 456 2006 SUNEDON.
494 1965 648 2003 Vicaria
666 1966 709 2003 in
728 1965 884 2004 ecclesia
902 1965 950 2003 de
970 1965 1152 2005 Sunedon
1169 1980 1244 2017 que
1271 1970 1329 2005 est
1355 1968 1532 2018 priorisse
1550 1971 1589 2006 et

124 2019 350 2057 monialium
369 2019 416 2057 de
436 2019 529 2057 cella
550 2019 588 2058 S.
610 2019 811 2057 Trinitatis
836 2017 996 2072 [blank]

207 2132 539 2167 POTESGRAVE.
577 2126 732 2165 Vicaria
749 2127 792 2164 in
807 2127 963 2165 ecclesia
982 2127 1030 2165 de
1045 2127 1275 2177 Potesgraue
1288 2141 1361 2178 que
1381 2131 1438 2167 est
1453 2129 1588 2178 prioris

125 2183 164 2218 et
183 2183 395 2218 conventus
414 2179 462 2218 de
481 2180 589 2218 Bello
608 2180 709 2219 Loco
729 2181 953 2219 auctoritate
973 2181 1125 2219 concilii
1143 2182 1318 2220 ordinata
1346 2183 1521 2221 consistit
1546 2183 1588 2220 in

125 2237 208 2326 ἕπε
246 2233 426 2282 altaragio
463 2237 502 2272 et
534 2234 577 2272 in
616 2235 774 2273 decimis
819 2235 1051 2273 omnimodis
1088 2236 1307 2274 tenencium
1343 2236 1510 2275 Abbatis
1546 2237 1589 2275 in

161 2301 181 2326 o
202 2300 366 2337 esgrave.

205 2401 594 2436 TlLLESWORTHE.
631 2395 785 2434 Vicaria
815 2396 857 2434 in
894 2396 1051 2435 ecclesia
1087 2396 1135 2435 de
1171 2396 1395 2436 Tillesword
1423 2411 1499 2448 que
1530 2401 1589 2436 est

126 2449 304 2499 priorisse
322 2452 361 2487 et
379 2452 591 2487 conventus
610 2449 658 2488 de
676 2450 772 2488 cella
790 2449 923 2489 Sancti
942 2450 1068 2501 Sgulii
1089 2449 1248 2504 [blank]

209 2563 384 2597 ΕΥΤΟΝ.
423 2556 576 2595 Vicaria
589 2557 631 2595 in
646 2557 802 2596 ecclesia
815 2557 864 2596 de
875 2558 995 2596 Eiton
1012 2571 1087 2609 que
1102 2561 1159 2597 est
1171 2559 1309 2609 prioris
1323 2563 1361 2598 et
1375 2563 1589 2598 conventus

126 2610 174 2649 de
193 2610 348 2648 Merton
367 2607 526 2662 [blank].

788 2667 854 2704 Fo.
879 2666 920 2704 7a
939 2695 946 2703 .

211 2744 468 2779 ΗοοΗΤοΝ,
505 2735 658 2773 Vicaria
684 2737 727 2773 in
754 2664 910 2774 e[cclesia
921 2664 985 2774 ide
1013 2737 1198 2775 Hochton
1226 2750 1299 2787 que
1327 2741 1385 2775 est
1423 2738 1589 2776 Abbatis

128 2791 167 2827 et
193 2792 406 2826 conventus
443 2789 482 2827 S.
513 2789 657 2827 Albani
693 2790 892 2828 exdudum
919 2790 1095 2828 ordinata
1130 2792 1304 2830 consistit
1331 2792 1374 2829 in
1410 2793 1589 2831 omnibus

129 2842 432 2881 obvencionibus
444 2842 574 2881 altaris
586 2846 624 2881 et
636 2844 797 2882 minutis
809 2844 978 2882 decimis.
1013 2845 1065 2883 Et
1071 2845 1279 2884 sustinebit
1285 2845 1449 2884 vicarius
1461 2847 1589 2884 omnia

130 2909 243 2934 onera
260 2898 386 2988 pieta}
403 2895 618 2946 hospicium
638 2897 910 2936 Archidiaconi
929 2898 1033 2948 quod
1048 2899 1143 2937 dicti
1162 2899 1296 2938 Abbas
1314 2902 1352 2938 et
1375 2904 1588 2939 conventus

129 2963 286 3000 procura
313 2962 368 2988 un
388 2979 395 2988 .
