1844 3178
291 345 343 386 46
807 352 944 385 LIBER
974 351 1208 391 ANTIQUUS

288 455 433 506 proprii
466 452 650 492 dominici
681 450 838 490 Radulfi
870 450 985 489 Ridel
1016 451 1058 488 in
1092 449 1253 499 Kiseby.
1311 448 1364 486 Et
1395 448 1559 487 vicarius
1591 447 1751 485 habebit

289 509 529 560 capellanum
548 507 693 545 socium
712 508 750 543 et
769 505 894 543 solvet
914 503 1184 543 tantummodo
1204 502 1403 552 synodalia
1422 505 1459 540 et
1477 502 1554 552 ipsi
1572 501 1753 551 magister

290 567 328 602 et
356 565 568 602 conventus
600 559 860 610 procurabunt
887 559 1103 608 hospicium
1139 557 1397 595 archidiaconi
1424 559 1462 594 et
1490 556 1750 606 providebunt

289 618 430 656 vicario
450 617 497 654 de
515 615 616 653 tofto
635 617 674 652 et
693 613 822 651 omnia
848 613 923 651 alia
952 625 1065 650 onera
1092 611 1341 650 sustinebunt
1365 614 1404 648 et
1423 613 1480 648 est
1498 613 1591 647 tunc
1611 609 1752 648 vicaria

290 684 317 709 x
338 683 558 709 marcarum.

369 787 546 822 THORP,
583 775 738 814 Vicaria
773 774 816 812 in
860 773 1016 812 ecclesia
1052 773 1100 811 de
1145 772 1275 822 Thorp
1320 785 1395 822 que
1432 774 1489 810 est
1535 770 1753 809 earumdem

290 833 465 870 consistit
492 832 535 869 in
562 833 644 868 toto
672 829 852 878 altaragio
881 831 919 866 et
940 828 983 865 in
1005 827 1164 865 decimis
1191 827 1393 876 garbarum
1420 826 1540 864 totius
1568 824 1753 863 dominici

290 886 451 924 Roberti
484 884 660 923 Basewin
686 883 730 921 in
757 882 890 921 eadem
925 881 1019 920 villa
1047 885 1173 932 prete-r
1198 880 1285 918 illas
1321 884 1439 918 terras
1467 892 1562 929 quas
1591 878 1753 929 predicti

289 941 469 989 magister
495 942 534 977 et
560 940 773 976 conventus
805 936 951 974 habent
988 935 1036 973 de
1073 935 1177 973 (11010
1206 934 1398 972 dominico
1435 936 1605 983 tempore
1634 932 1752 982 hujus

289 993 561 1043 assignacionis
589 995 628 1030 et
654 992 697 1029 in
725 990 883 1029 decimis
918 989 1118 1039 garbarum
1147 989 1306 1027 duarum
1336 988 1563 1026 bovatarum
1590 990 1687 1024 terre
1715 989 1754 1024 et

290 1047 449 1085 dimidie
467 1046 586 1085 Alani
605 1045 739 1095 Kybel
756 1046 799 1082 in
827 1043 960 1082 eadem
987 1043 1082 1081 villa
1101 1043 1148 1081 de
1175 1043 1315 1092 Thorp.
1373 1042 1426 1079 Et
1444 1041 1610 1080 vicarius
1629 1040 1753 1078 solvet

289 1101 558 1139 tantummodo
586 1099 774 1137 sinodalia
801 1102 839 1136 61
866 1098 948 1147 ipse
980 1098 1160 1147 magister
1187 1100 1225 1135 61
1254 1099 1466 1134 conventus
1494 1094 1754 1145 providebunt

289 1155 431 1194 vicario
460 1155 507 1192 de
535 1154 636 1192 tofto
664 1156 703 1191 61
729 1152 989 1203 procurabunt
1025 1151 1241 1201 hospicium
1273 1150 1532 1188 archidiaconi
1560 1152 1598 1187 61
1626 1148 1754 1186 01111116

290 1209 365 1247 alia
383 1222 498 1247 onera
515 1207 764 1247 sustinebunt
782 1209 821 1245 61
840 1209 897 1244 661
915 1206 1057 1244 vicaria
1075 1209 1170 1243 tunc
1188 1218 1214 1243 v
1233 1217 1455 1243 marcarum.

372 1326 511 1362 SWYN
518 1326 548 1359 Η
553 1324 766 1359 ΑΜΒΤΕΒ,
804 1311 1063 1366 [Swinstead]
1093 1313 1247 1351 Vicaria
1258 1313 1300 1350 in
1313 1312 1469 1350 ecclesia
1481 1311 1528 1349 de
1542 1310 1756 1350 Swinham-

290 1371 375 1409 sted
404 1383 478 1420 que
506 1372 564 1407 661
591 1369 727 1418 prioris
755 1371 793 1406 61
822 1371 1034 1406 conventus
1063 1367 1111 1405 de
1139 1367 1248 1405 Drax
1277 1366 1452 1405 0011616111
1479 1366 1522 1403 111
1550 1365 1754 1403 medietate

290 1425 412 1463 totius
431 1423 586 1462 ecclesie
614 1435 699 1460 cum
729 1422 828 1460 tofto
857 1425 895 1460 61
923 1421 1085 1471 predicti
1112 1422 1216 1471 prior
1240 1425 1278 1458 61
1298 1423 1510 1459 conventus
1529 1432 1571 1457 ac
1591 1419 1755 1457 vicarius

290 1478 550 1529 procurabunt
586 1477 841 1514 communiter
880 1476 1098 1525 hospicium
1134 1474 1392 1513 archidiaconi
1428 1477 1466 1512 61
1505 1473 1757 1511 communiter

291 1533 442 1571 solvent
474 1531 663 1570 sinodalia
695 1534 733 1568 61
765 1531 841 1568 6116
873 1543 987 1568 011616
1019 1530 1273 1567 communiter
1304 1528 1562 1566 sustinebunt.
1620 1527 1672 1564 Et
1701 1529 1758 1564 est

292 1587 433 1626 vicaria
452 1599 520 1624 sex
533 1598 743 1623 marcarum
763 1588 801 1622 61
820 1584 990 1622 dimidie.
1039 1583 1166 1621 Aliter
1183 1583 1347 1621 habetur
1364 1582 1466 1621 infra
1484 1582 1527 1620 in
1547 1579 1605 1620 Vto
1623 1580 1757 1619 folia*

616 1653 631 1669 ⁸
650 1654 720 1680 This
732 1653 820 1680 refers
830 1654 862 1679 to
873 1654 952 1680 Folio
966 1651 1022 1677 18b.
1033 1652 1063 1678 of
1074 1652 1124 1678 the
1135 1653 1249 1685 present
1260 1651 1435 1685 pagination.

374 1753 584 1789 GOREBY.
622 1740 797 1795 [Gorty]
824 1742 979 1781 Vicaria
991 1743 1034 1780 in
1050 1741 1207 1780 ecclesia
1221 1740 1269 1778 de
1282 1740 1412 1790 Corby
1424 1753 1499 1790 que
1514 1742 1572 1777 est
1586 1739 1759 1788 magistri

294 1802 332 1837 61
352 1800 566 1837 conventus
587 1796 624 1835 S.
647 1796 851 1835 Michaelis
879 1795 1071 1836 Stanford'
1092 1799 1130 1833 61
1149 1808 1308 1845 persone
1326 1807 1428 1832 none
1447 1794 1567 1844 partis
1586 1794 1758 1843 ejusdem

293 1853 470 1891 consistit
488 1852 529 1889 in
549 1854 632 1889 toto
651 1851 832 1900 altaragio
846 1864 914 1888 sex
928 1851 1096 1901 partium
1110 1863 1197 1887 cum
1212 1849 1310 1887 tofto
1326 1849 1430 1898 quod
1445 1851 1503 1886 est
1516 1849 1559 1886 in
1573 1848 1759 1886 cimiterio

292 1919 424 1946 versus
451 1905 683 1955 aquilonem.
738 1905 790 1943 Et
817 1905 981 1944 vicarius
1009 1903 1219 1943 secundum
1256 1903 1472 1953 porcionem
1501 1915 1609 1940 suam
1637 1902 1760 1939 solvet

293 1959 562 2000 tantummodo
591 1959 791 2009 synodalia
819 1962 857 1996 61
885 1959 1055 2009 predicte
1084 1957 1267 1996 moniales
1295 1970 1373 1995 una
1392 1969 1480 1995 cum
1507 1956 1760 2006 participibus

293 2016 373 2054 suis
392 2015 434 2052 in
453 2014 586 2052 eadem
606 2013 763 2051 60016616
781 2013 1041 2063 procurabunt
1063 2012 1280 2062 hospicium
1298 2011 1555 2049 archidiaconi
1574 2014 1612 2048 et
1632 2009 1761 2048 omnia

293 2070 368 2107 alia
386 2081 500 2107 onera
519 2068 778 2106 sustinebunt.

375 2186 584 2221 ΟΜΝΙυΜ
636 2185 708 2220 SS.
761 2185 1051 2220 STANFOR0.⁵
1086 2173 1241 2212 Vicaria
1285 2173 1328 2211 in
1373 2173 1531 2211 ecclesia
1574 2172 1760 2211 Omnium

296 2231 524 2270 Sanctorum
543 2231 644 2268 ultra
666 2235 753 2267 arxa
779 2243 854 2280 que
881 2233 939 2267 est
967 2228 1186 2267 earumdem
1213 2227 1390 2266 consistit
1417 2227 1460 2265 in
1478 2230 1561 2265 toto
1580 2227 1761 2277 altaragio

295 2285 491 2323 reddendo
510 2284 601 2322 inde
620 2284 823 2322 annuatim
842 2284 956 2321 dictis
983 2282 1215 2320 monialibus
1237 2294 1354 2319 unam
1373 2294 1537 2319 marcam
1557 2281 1704 2330 argenti
1722 2283 1762 2318 et

295 2339 460 2378 vicarius
479 2338 748 2377 tantummodo
775 2338 900 2376 solvet
927 2337 1114 2375 sinodalia
1133 2339 1171 2374 et
1189 2337 1272 2386 ipse
1299 2336 1483 2373 moniales
1502 2335 1762 2385 procurabunt

295 2392 511 2442 hospicium
540 2392 796 2431 archidiaconi
824 2396 862 2430 et
890 2391 1019 2430 omnia
1045 2390 1120 2428 alia
1147 2403 1262 2429 onera
1288 2390 1547 2429 sustinebunt.
1623 2388 1676 2426 Et
1704 2391 1761 2426 est

296 2448 438 2486 vicaria
455 2447 573 2485 trium
593 2459 805 2484 marcarum
823 2449 861 2484 et
880 2445 1049 2484 dimidie.

376 2564 416 2598 s,
457 2564 670 2604 MARTflNi,
707 2562 995 2597 STANFORD:
1029 2552 1183 2590 Vicaria
1201 2553 1243 2589 in
1262 2551 1419 2590 ecclesia
1444 2551 1482 2590 S.
1505 2551 1668 2589 Martini
1687 2563 1761 2600 que

297 2611 355 2646 est
373 2607 592 2646 earumdem
611 2607 786 2645 consistit
804 2607 846 2644 in
865 2610 947 2644 toto
967 2606 1147 2656 altaragio
1167 2606 1268 2644 dicte
1283 2606 1437 2644 ecclesie
1455 2605 1650 2643 reddendo
1670 2605 1762 2642 inde

296 2662 497 2700 annuatim
516 2661 630 2699 dictis
649 2661 880 2699 monialibus
901 2661 994 2698 duas
1013 2673 1166 2698 marcas.
1215 2660 1278 2698 Ita
1296 2663 1425 2698 tamen
1443 2659 1548 2710 quod
1567 2659 1600 2697 si
1619 2658 1763 2708 capella

297 2717 346 2754 de
365 2715 556 2765 Burghele
574 2715 617 2752 in
636 2715 768 2753 eadem
786 2714 965 2764 parochia
983 2715 1056 2752 sita
1084 2715 1261 2752 divinum
1281 2714 1448 2752 officium
1467 2713 1605 2751 habere
1625 2713 1762 2751 debeat

298 2771 400 2808 dicte
431 2769 616 2807 moniales
652 2782 749 2806 onus
785 2769 892 2806 illius
924 2768 1066 2818 capelle
1103 2769 1360 2806 sustinebunt.
1418 2767 1596 2806 Vicarius
1632 2771 1761 2804 autem

298 2824 422 2862 solvet
468 2823 735 2861 tantummodo
782 2823 982 2873 synodalia
1028 2825 1065 2860 et
1120 2822 1222 2860 dicte
1272 2822 1456 2860 moniales
1502 2821 1762 2871 procurabunt

298 2878 513 2928 hospicium
532 2877 791 2915 archidiaconi
810 2880 848 2915 et
867 2880 990 2915 cetera
1007 2889 1121 2914 onera
1140 2877 1268 2914 omnia
1287 2876 1544 2914 sustinebunt.
