1844 3178
724 325 928 358 HUGONIS
967 326 1130 359 WELLS.
1611 319 1666 359 83

212 423 380 461 Roberto
413 423 677 461 archidiacono
707 423 858 471 Hunt'3
897 423 1062 472 Hugone
1095 422 1143 460 de
1178 422 1216 462 S.
1249 423 1449 471 Edwardo,
1482 425 1667 478 Magistro

213 477 426 515 Willielmo
453 477 505 514 fil'
529 476 722 523 Fulconis,
743 477 928 526 Magistro
955 477 1044 515 Ada
1071 477 1118 514 de
1147 477 1185 515 S.
1207 477 1426 525 Edmund0‚
1446 479 1593 519 Thoma
1622 483 1669 520 de

210 531 428 578 Fiskerton,
449 536 486 568 et
513 531 660 580 Rogero
689 531 736 568 de
764 530 931 568 Bristoll'
960 530 1176 580 capellanis,
1206 531 1391 581 Magistro
1419 532 1592 572 Waltero
1621 536 1668 574 (10

211 584 328 622 Well'
357 585 524 622 canonic'
553 585 673 631 Linc',
703 585 886 633 Magistro
915 584 1069 632 Theob’‚
1090 588 1127 622 et
1155 585 1250 623 aliis.
1307 584 1397 622 Dat'
1416 598 1484 635 per
1511 600 1667 627 manum

211 638 275 677 W.
298 637 346 675 de
365 638 519 676 Tornac'
541 639 797 676 archidiaconi
817 637 943 676 Stowe
961 638 1004 675 in
1032 638 1199 687 capitulo
1218 639 1324 676 Linc'
1357 640 1426 688 [fo.
1451 639 1534 694 26²²]
1564 644 1668 692 apud

211 691 318 729 Linc'
337 690 427 730 vnssO.
449 691 524 730 kal.
547 692 574 730 J
575 693 723 730 anuarii
740 692 986 742 pontificatus
1005 693 1127 730 nostri
1146 705 1247 731 anno
1267 705 1379 731 nono.

292 797 328 830 ld
352 797 502 831 MARC’
523 797 764 832 ESlNDON’.

292 841 506 888 Universis,
539 841 606 879 &c.
663 841 827 879 Noverit
864 841 1091 879 universitas
1127 844 1254 879 vestra
1291 854 1362 880 nos
1398 842 1446 880 de
1482 855 1669 882 consensu

211 894 350 944 Rogeri
366 894 499 932 decani
514 898 551 933 et
572 895 730 944 capituli
748 895 870 932 nostri
884 895 991 933 Linc'
1007 895 1139 933 divine
1154 896 1308 945 pietatis
1325 893 1503 948 [intuitu]
1520 897 1669 935 dedisse

211 951 250 986 et
283 949 508 986 concessisse
541 948 691 986 dilectis
727 949 769 986 111
789 948 943 987 Christo
980 949 1132 986 filiabus
1168 949 1358 988 abbatisse
1390 953 1429 988 et
1462 952 1670 989 conventui

212 1001 430 1040 Godestow'
467 1002 561 1040 duas
598 1015 741 1040 marcas
778 1002 820 1040 in
858 1002 1014 1040 ecclesia
1050 1002 1098 1040 de
1130 1003 1315 1041 Esindon'
1347 1016 1422 1053 que
1458 1004 1506 1041 de
1540 1017 1669 1042 earum

210 1056 462 1094 advocacione
491 1059 548 1093 est
580 1056 779 1093 annuatim
811 1056 966 1093 nomine
998 1057 1172 1106 perpetui
1204 1057 1382 1095 beneficii·
1406 1058 1669 1108 percipiendas

209 1122 277 1159 per
322 1123 479 1147 manum
524 1110 731 1148 Willielmi
776 1110 824 1147 de
866 1110 1028 1149 Cennor'
1074 1123 1233 1160 persone
1278 1111 1384 1148 illius
1431 1113 1584 1150 ecclesie
1631 1117 1669 1150 et

210 1176 467 1201 successorum
495 1176 649 1201 suorum
682 1164 750 1213 qui
780 1177 848 1214 pro
881 1168 1050 1213 tempore
1085 1164 1230 1202 fuerint
1261 1165 1434 1203 instituti
1460 1166 1500 1203 in
1523 1166 1665 1204 eadem.

210 1216 336 1255 Salvis
367 1218 409 1254 in
441 1217 632 1264 omnibus,
667 1217 734 1256 &c
791 1218 843 1255 Et
872 1221 916 1255 ut
948 1218 1019 1256 hec
1054 1221 1183 1255 nostra
1216 1220 1418 1266 concessio,
1454 1219 1520 1257 &c
1580 1220 1670 1258 Hiis

208 1270 387 1308 Testibus
406 1271 552 1321 Rogero
572 1271 714 1309 decano
741 1274 779 1309 et
807 1272 892 1309 aliis
919 1274 964 1309 ut
992 1285 1105 1321 supra
1133 1275 1234 1310 carta
1252 1273 1436 1322 proxima.
1494 1273 1584 1312 Dat’
1602 1287 1670 1324 per

206 1337 363 1362 manum
384 1325 556 1375 ejusdem
576 1325 708 1363 eadem
727 1325 789 1363 die
808 1329 846 1364 et
864 1326 947 1363 1000
967 1326 1213 1375 pontificatus
1231 1327 1354 1364 nostri
1372 1340 1473 1365 anno
1487 1328 1558 1366 ix0.

289 1431 313 1464 d
336 1430 487 1464 MARG’
507 1431 699 1465 ΜΕΟΙΕῬ
720 1431 999 1465 ΒΟΤΙΝΒΟΝ’.

289 1475 504 1523 Universis,
543 1475 603 1512 810.
660 1474 824 1512 Noverit
860 1474 1089 1512 universitas
1125 1477 1252 1512 vestra
1287 1487 1358 1512 nos
1396 1475 1443 1512 de
1482 1488 1670 1513 consensu

209 1528 349 1578 Rogeri
367 1528 502 1566 decani
529 1531 567 1566 et
586 1528 743 1577 capituli
762 1529 885 1566 nostri
903 1526 1010 1565 Linc'
1030 1528 1162 1566 divine
1180 1529 1335 1577 pietatis
1353 1529 1501 1566 intuitu
1520 1529 1670 1567 dedisse

213 1585 252 1620 et
280 1583 508 1620 concessisse
546 1582 697 1620 dilectis
736 1583 778 1620 in
816 1582 971 1621 Christo
1015 1582 1106 1619 filiis
1149 1582 1266 1631 priori
1302 1585 1340 1619 et
1377 1584 1587 1621 conventui
1623 1583 1670 1621 de

210 1636 447 1675 Chaucumb'
462 1649 578 1674 unam
599 1648 763 1674 marcam
781 1636 824 1673 in
842 1637 1047 1674 medietate
1067 1636 1221 1673 ecclesie
1240 1636 1287 1673 de
1302 1636 1500 1674 Botindon
1519 1650 1593 1686 que
1613 1641 1670 1674 est

210 1690 258 1728 de
277 1703 406 1728 eorum
426 1690 679 1728 advocacione
698 1690 898 1728 annuatim
916 1690 1072 1728 nomine
1090 1691 1265 1739 perpetui
1276 1690 1453 1728 beneficii
1464 1692 1672 1740 percipien-

211 1744 299 1782 dam
327 1757 394 1794 per
425 1757 583 1782 manum
611 1744 750 1794 Rogeri
783 1744 969 1794 capellani
1000 1756 1160 1793 persone
1191 1744 1363 1793 ejusdem
1395 1745 1613 1782 medietatis
1632 1748 1671 1782 et

210 1811 467 1836 successorum
497 1811 651 1836 suorum
683 1799 750 1847 qui
780 1811 847 1847 pro
881 1802 1051 1847 tempore
1080 1797 1254 1835 instituti
1283 1798 1429 1836 fuerint
1455 1799 1496 1836 in
1525 1799 1668 1837 eadem.

210 1852 337 1891 Salvis
356 1852 399 1889 in
420 1852 609 1899 omnibus,
631 1852 691 1890 810.
748 1852 801 1889 Et
828 1855 872 1890 ut
899 1852 970 1890 hec
997 1854 1126 1889 nostra
1149 1853 1351 1900 concessio,
1374 1853 1433 1890 &c
1491 1852 1670 1890 Testibus

209 1910 253 1944 ut
273 1919 386 1956 supra
414 1909 516 1944 carta
543 1906 726 1956 proxima.
784 1906 874 1944 Dat'
903 1919 970 1955 per
998 1918 1157 1943 manum
1186 1906 1357 1955 ejusdem
1386 1906 1517 1944 eadem
1546 1907 1608 1944 die
1632 1910 1669 1944 et

208 1960 291 1998 loco
310 1960 557 2010 pontificatus
575 1960 698 1997 nostri
716 1972 816 1998 anno
835 1961 906 1998 ix0.

292 2065 328 2099 w
350 2065 501 2099 MARC’
522 2065 780 2099 ΒΑΒΤΗΟΝ’.

289 2109 503 2156 Universis,
539 2109 599 2147 &a
657 2108 822 2146 Noverit
859 2108 1089 2146 universitas
1128 2110 1255 2146 vestra
1291 2120 1361 2146 nos
1398 2108 1446 2146 de
1483 2121 1670 2147 consensu

208 2162 349 2212 Rogeri
368 2163 502 2201 decani
521 2166 559 2200 et
579 2162 739 2212 capituli
757 2162 878 2200 nostri
896 2162 1003 2200 Linc'
1024 2162 1156 2200 divine
1180 2162 1336 2211 pietatis
1354 2163 1502 2200 intuitu
1521 2163 1670 2201 dedisse

208 2220 247 2255 et
266 2217 494 2255 concessisse
513 2216 664 2254 dilectis
691 2216 733 2253 in
753 2215 907 2254 Christo
934 2216 1087 2254 ffliabus
1114 2216 1305 2254 abbatisse
1333 2220 1371 2255 et
1399 2217 1608 2255 conventui
1629 2217 1668 2255 S.

208 2270 331 2308 Marie
360 2270 408 2308 de
427 2271 543 2308 Prato
563 2270 843 2319 Norbampton’
872 2270 968 2308 duas
995 2282 1139 2308 marcas
1165 2270 1206 2306 in
1236 2270 1392 2308 ecclesia
1419 2270 1466 2308 de
1485 2271 1670 2308 Barthon'

207 2337 282 2374 que
301 2324 349 2362 de
369 2337 498 2362 earum
525 2324 778 2362 advocacione
806 2326 864 2362 est
891 2324 1092 2362 annuatim
1118 2323 1274 2361 nomine
1300 2325 1476 2374 perpetui
1494 2324 1670 2362 beneficii

207 2378 470 2428 percipiendas
490 2391 558 2428 per
575 2391 732 2416 manum
751 2378 859 2415 Petri
876 2390 1036 2427 persone
1055 2378 1160 2415 illius
1181 2378 1336 2416 ecclesie
1355 2382 1394 2417 et
1411 2391 1670 2416 successorum

207 2444 363 2470 suorum
396 2433 464 2482 qui
496 2445 565 2482 pro
596 2434 767 2481 tempore
803 2432 977 2470 instituti
1014 2432 1159 2469 fuerint
1195 2432 1238 2469 in
1265 2432 1408 2471 eadem.
1469 2432 1594 2471 Salvis
1626 2432 1668 2470 in

207 2486 398 2534 omnibus,
414 2486 482 2524 &a
540 2487 593 2524 Et
611 2489 656 2523 ut
674 2486 745 2524 hec
763 2489 894 2524 nostra
912 2486 1114 2534 concessio,
1132 2485 1198 2524 &c.
1258 2486 1449 2535 Testibus,
1465 2486 1568 2535 Dat',
1584 2486 1666 2531 ἄτα,

206 2542 252 2577 ut
271 2552 385 2589 supra
403 2543 504 2578 carta
522 2540 649 2579 tercia.

286 2656 648 2692 ΑΡΡΒΟΡΒΙΑΟΙΟ
684 2648 908 2686 Godeshulle
928 2660 1012 2685 cum
1031 2647 1275 2686 ordinacione
1293 2649 1435 2686 vicarie
1454 2648 1629 2696 ejusdem.

287 2701 490 2739 Universis
519 2703 587 2740 &c.
645 2701 811 2740 Noverit
843 2702 1071 2740 universitas
1103 2704 1231 2740 vestra
1263 2715 1333 2740 nos
1361 2702 1589 2740 concessisse
1630 2704 1668 2739 et

206 2755 374 2804 presenti
406 2759 509 2793 carta
541 2757 672 2793 nostra
700 2756 939 2794 confirmasse
971 2756 1019 2793 de
1052 2768 1240 2794 consensu
1272 2756 1421 2794 Decani
1439 2759 1477 2794 et
1496 2755 1668 2805 Capituli

206 2809 329 2846 nostri
347 2808 455 2846 Linc'
475 2809 624 2847 dilectis
651 2810 693 2847 in
723 2809 875 2848 Christo
902 2809 1055 2847 filiabus
1082 2810 1289 2848 Abbatisse
1317 2814 1355 2847 et
1383 2810 1591 2848 conventui
1619 2809 1667 2847 de

208 2862 425 2902 Godestow’
443 2863 688 2901 medietatem
708 2864 862 2902 ecclesie
881 2864 928 2901 de
948 2863 1171 2902 Godeshull'
1192 2876 1307 2915 quam
1325 2865 1431 2916 prius
1449 2864 1668 2902 habuerunt
