1844 3178
264 344 318 384 50
782 351 918 384 LIBER
948 351 1008 384 AN
1016 351 1182 391 'PIQUUS

346 459 697 497 ευΝιΕΒοοτεε,
752 448 906 488 Vinaria
932 450 976 487 in
1003 450 1159 488 00010010
1187 448 1235 486 (10
1265 447 1504 487 Sumercotes
1532 446 1571 486 S.
1605 446 1728 485 Mario

262 508 438 546 consistit
474 508 517 544 in
553 508 635 543 toto
673 504 855 552 altaragio
893 517 980 541 cum
1026 504 1147 542 crofto
1185 501 1415 552 assignando
1456 501 1574 540 salvis
1613 501 1728 539 dictis

261 563 442 612 magistro
473 564 511 599 et
539 558 746 598 conventui
777 558 904 595 butiro
935 561 973 595 et
1005 571 1125 596 caseo.
1179 557 1232 594 Et
1264 556 1428 594 vicarius
1456 555 1724 593 tantummodo

262 617 386 654 solvet
401 614 602 665 synodalia
617 615 655 650 et
670 611 745 661 ipsi
760 611 939 661 magister
954 615 992 649 et
1006 614 1220 650 conventus
1235 609 1494 660 procurabunt
1508 609 1726 659 hospicium

263 669 537 709 Archidiaconi
549 670 589 705 et
599 669 722 705 001010
737 678 850 704 011010
861 666 1119 705 0110111101011111.
1177 665 1230 703 Ε1
1242 666 1300 703 001
1312 664 1453 703 vicaria
1464 676 1490 701 v
1502 676 1724 701 marcarum.

348 794 539 830 ΒιετοΝ,
601 781 756 820 Vinaria
791 781 834 820 in
871 781 1028 820 ecclesia
1064 781 1113 819 de
1148 780 1290 819 Riston
1322 792 1397 830 que
1431 782 1488 818 est
1521 779 1659 829 prioris
1692 782 1731 817 01

265 843 479 880 conventus
499 838 546 876 de
565 837 717 875 Torkes'
738 833 898 889 [blank]

349 965 645 1002 ΒιοΗΕΒΒοο,
708 954 863 993 Vicaria
907 955 951 992 in
996 953 1153 992 00010010
1198 952 1247 991 (10
1291 952 1505 991 Richebroc
1550 964 1626 1002 que
1671 953 1730 990 est

265 1013 416 1051 abbatis
436 1015 474 1049 01
494 1013 707 1049 conventus
726 1009 774 1047 de
793 1009 936 1047 Thorre
957 1005 1116 1061 [blank]

267 1183 293 1221 d
349 1136 625 1234 effigzfixffifihk,
668 1125 823 1164 Vicaria
849 1125 892 1163 in
920 1124 1077 1163 00010010
1104 1124 1153 1163 (10
1181 1123 1373 1163 Burewell
1400 1135 1475 1173 que
1503 1124 1561 1161 est
1589 1135 1733 1161 eorum-

295 1195 355 1221 em
432 1194 483 1220 an
530 1211 537 1218 .

348 1297 610 1333 οΗΑι-ΕεΒΥ
659 1285 866 1341 [Galaeby]
926 1287 1080 1325 Vicaria
1107 1287 1150 1324 in
1178 1286 1335 1324 ecclesia
1362 1285 1409 1324 (10
1437 1284 1632 1335 Chalesby
1659 1297 1734 1335 que

267 1347 325 1382 001
353 1343 489 1394 prioris
508 1345 547 1379 01
566 1345 778 1380 conventus
807 1342 855 1379 de
884 1341 1017 1391 Kyma
1045 1341 1221 1379 consistit
1249 1340 1292 1378 in
1324 1342 1405 1377 toto
1434 1340 1616 1389 altaragio
1646 1352 1735 1377 cum

265 1398 470 1436 medietate
488 1396 580 1434 tosti
599 1396 648 1433 ad
667 1396 863 1433 ecclesiam
882 1396 1112 1445 pertinentis
1132 1398 1170 1433 01
1188 1395 1231 1432 111
1255 1394 1413 1439 decimis
1442 1393 1658 1432 molendini
1686 1406 1734 1431 ex

268 1451 496 1491 occidentali
510 1453 617 1500 parte
632 1450 735 1488 curie
754 1450 904 1488 domini
918 1450 1094 1499 Philippi
1114 1449 1160 1487 (10
1180 1449 1312 1499 Kyma
1331 1451 1368 1486 et
1387 1448 1429 1486 in
1448 1448 1621 1498 quinque
1640 1448 1735 1486 acris

267 1507 368 1557 prati
396 1505 660 1555 spectantibus
686 1504 736 1542 ad
767 1504 927 1542 eandem
957 1504 1153 1542 ecclesiam
1181 1504 1225 1541 in
1254 1503 1374 1553 pratis
1407 1502 1454 1540 (10
1485 1502 1597 1540 Otoft
1627 1505 1665 1540 et
1692 1502 1736 1540 in

267 1561 418 1599 duabus
447 1559 621 1609 partibus
654 1558 887 1596 decimarum
920 1558 1028 1596 bladi
1066 1558 1113 1595 de
1142 1557 1314 1595 dominio
1343 1557 1439 1595 dicti
1474 1556 1651 1606 Philippi
1687 1555 1736 1594 (10

267 1615 409 1664 Kyma.
467 1613 520 1651 Et
547 1613 712 1651 vicarius
740 1612 863 1651 solvet
891 1612 1161 1650 tantummodo
1189 1611 1390 1661 synodalia
1418 1614 1455 1649 et
1479 1611 1555 1660 ipsi
1574 1611 1676 1660 prior
1695 1613 1733 1647 01,

268 1670 483 1707 conventus
524 1667 785 1717 procurabunt
822 1666 1037 1716 hospicium
1076 1665 1351 1704 Archidiaconi
1388 1668 1426 1703 01
1463 1668 1586 1703 cetera
1622 1676 1737 1702 onera

267 1722 525 1762 sustinebunt.
583 1721 637 1759 Et
656 1724 713 1759 001
731 1721 873 1759 vicaria
891 1734 918 1759 v
936 1733 1159 1758 marcarum.

349 1847 525 1883 οΒοι-Τ,
574 1837 729 1875 Vicaria
742 1837 785 1874 in
799 1837 955 1875 ecclesia
970 1837 1018 1875 de
1034 1835 1145 1877 Croft
1163 1848 1237 1885 que
1256 1838 1315 1874 est
1333 1835 1542 1874 eorundem
1559 1835 1736 1874 consistit

265 1894 309 1932 in
340 1896 422 1931 1010
456 1892 637 1940 altaragio
670 1904 757 1929 cum
790 1891 888 1929 tofto
923 1904 1055 1929 versus
1089 1890 1364 1928 occidentalem
1392 1893 1540 1940 partem
1568 1890 1734 1937 ecclesie,

267 1948 384 1986 salvis
404 1946 518 1984 dictis
536 1945 654 1995 priori
673 1949 711 1983 01
730 1946 940 1984 conventui
967 1945 1095 1983 butiro
1125 1948 1164 1982 et
1192 1957 1323 1983 caseo:
1352 1945 1582 1983 et'vicarius
1612 1944 1736 1982 solvet

267 2000 538 2040 tantummodo
575 1999 775 2049 synodalia
813 2003 851 2037 et
887 2000 964 2049 ipsi
1009 1999 1113 2049 prior
1149 2002 1188 2037 et
1227 2002 1440 2037 conventus
1476 1998 1736 2048 procurabunt

267 2056 485 2106 hospicium
512 2054 788 2092 Archidiaconi
817 2056 855 2092 et
885 2054 1014 2092 omnia
1041 2053 1117 2091 alia
1144 2066 1258 2091 onera
1285 2053 1542 2091 sustinebunt.
1601 2052 1654 2091 Et
1679 2055 1737 2090 est

268 2111 411 2150 vicaria
428 2110 468 2159 vj
490 2121 712 2147 marcarum.

349 2237 528 2273 ΤΗΟΒΡ,
572 2226 727 2265 Vicaria
741 2227 783 2264 in
799 2226 956 2265 ecclesia
971 2226 1019 2264 de
1032 2225 1162 2276 Thorp
1177 2239 1252 2276 que
1267 2228 1325 2264 est
1339 2226 1547 2264 eorundem
1561 2225 1738 2264 consistit

268 2284 313 2321 in
331 2286 414 2321 toto
433 2282 614 2332 altaragio
628 2294 716 2319 cum
729 2281 828 2319 tofto
848 2280 1076 2331 assignando
1090 2281 1207 2319 salvis
1228 2280 1312 2331 (sic)
1333 2281 1452 2330 priori
1470 2283 1508 2318 01
1527 2280 1737 2318 conventui

269 2337 476 2375 medietate
494 2336 616 2374 butiri
635 2338 674 2373 01
693 2336 791 2373 casei
810 2338 849 2374 013
867 2335 1032 2374 vicarius
1051 2334 1174 2373 solvet
1192 2334 1461 2373 tantummodo
1479 2334 1680 2384 synodalia
1698 2336 1737 2371 01

269 2392 346 2441 ipsi
377 2391 481 2441 prior
513 2393 552 2428 01
584 2393 798 2429 conventus
834 2389 1095 2439 procurabunt
1131 2389 1349 2438 hospicium
1386 2388 1662 2426 Archidiaconi
1698 2391 1737 2426 et

270 2445 400 2484 omnia
418 2445 493 2483 alia
511 2457 625 2482 onera
643 2443 900 2483 sustinebunt.
957 2443 1010 2481 Et
1029 2445 1086 2481 est
1104 2443 1246 2482 vicaria
1263 2456 1289 2482 v
1307 2456 1528 2482 marcarum.

353 2570 601 2605 εννΑΒΕΒΥ,
655 2559 811 2599 Vicaria
837 2560 880 2597 in
908 2558 1065 2597 00010010
1087 2559 1134 2597 (10
1157 2558 1341 2609 Swareby
1359 2571 1435 2608 que
1454 2561 1511 2597 est
1530 2557 1739 2597 eorundem

272 2615 450 2654 consistit
480 2614 524 2651 in
555 2617 637 2652 toto
676 2614 859 2663 altaragio
897 2626 984 2651 cum
1021 2613 1121 2651 tofto
1158 2613 1388 2663 assignando
1426 2617 1465 2651 et
1500 2613 1543 2650 in
1580 2612 1737 2650 decimis

272 2670 475 2719 garbarum
494 2668 541 2706 (10
560 2669 670 2706 terris
695 2681 790 2719 quas
810 2668 1000 2706 Radulfus
1028 2667 1076 2705 de
1106 2667 1319 2706 Stikewald
1346 2668 1388 2704 in
1408 2667 1537 2705 eadem
1559 2666 1739 2716 parochia

272 2723 415 2762 excolit
452 2722 500 2760 de
537 2722 709 2760 dominio
754 2722 877 2772 ipsius
914 2721 1071 2760 Radulfi
1116 2734 1190 2770 que
1227 2721 1373 2759 decime
1409 2721 1676 2771 appreciantur
1708 2721 1736 2770 ij

272 2776 395 2816 marc'.
453 2776 506 2814 Et
542 2776 708 2815 vicarius
744 2776 868 2814 solvet
900 2776 1169 2813 tantummodo
1202 2775 1404 2825 synodalia
1423 2779 1461 2813 01
1484 2775 1559 2825 ipsi
1578 2775 1681 2824 prior
1699 2778 1738 2812 013

273 2833 489 2870 conventus
507 2831 767 2880 procurabunt
787 2830 1003 2879 hospicium
1030 2829 1306 2868 Archidiaconi
1327 2832 1366 2868 01
1384 2830 1513 2869 omnia
1532 2829 1606 2868 alia
1624 2841 1739 2867 onera

274 2885 532 2924 sustinebunt.
590 2885 643 2922 Et
662 2888 720 2923 est
738 2885 880 2922 vicaria
898 2888 992 2922 tunc
1010 2896 1037 2922 v
1056 2896 1276 2923 marcarum.
