1844 3178
694 328 901 362 HUGONIS
931 328 1097 362 WELLS.
1569 320 1624 363 73

172 424 436 475 percipiendos
454 437 522 475 per
539 437 675 464 manus
691 425 808 473 illius,
831 425 1049 475 quicunque
1067 438 1227 476 persona
1240 437 1308 476 pro
1322 428 1492 476 tempore
1509 429 1626 468 fuerit

172 480 214 517 in
232 479 374 517 eadem.
432 479 547 518 Salvo
581 480 705 518 eidem
737 479 950 518 Willielmo
983 480 1090 518 Daco
1123 482 1162 518 et
1194 479 1399 518 heredibus
1432 482 1511 520 suis
1539 484 1626 532 jure

171 535 395 582 patronatus
427 533 600 582 ejusdem
632 534 796 572 ecclesie.
853 533 906 571 Et
932 536 977 570 ut
1002 534 1073 572 hec
1091 537 1220 571 nostra
1238 534 1427 572 concessio
1445 540 1627 586 perpetue

171 586 364 624 firmitatis
400 587 515 625 robur
553 588 736 637 optineat,
777 600 859 625 eam
894 588 1064 636 presenti
1100 588 1240 637 scripto
1278 590 1316 625 et
1352 588 1468 636 sigilli
1506 591 1628 628 nostri

172 641 414 689 apposicione
428 641 698 680 roboravimus.
738 641 827 679 Hiis
841 641 1004 679 testibus
1019 641 1064 679 R.
1081 641 1362 679 Archidiacono
1377 642 1625 691 Hunte’don',

172 693 358 743 Magistro
378 694 424 733 R.
447 695 495 733 de
515 696 645 742 Cestr',
668 695 851 745 Magistro
871 694 935 732 W.
958 694 1006 732 de
1025 694 1152 742 Well',
1173 695 1219 733 R.
1241 695 1436 744 capellano
1459 697 1627 735 canonic'

172 746 359 792 Lincoln’,
379 748 493 787 Petro
526 749 574 787 de
602 748 799 797 Wileton',
837 748 1023 798 Magistro
1059 749 1106 786 R.
1137 749 1185 786 de
1222 749 1463 799 Tingehurst,
1498 750 1543 788 R.
1580 751 1627 789 de

171 800 336 849 Bohum,
357 801 471 840 Petro
504 802 551 840 de
584 801 761 850 Bathon’,
785 802 979 852 Stephano
1012 801 1060 840 de
1093 801 1247 842 Cicestr’
1262 805 1300 840 et
1314 803 1410 842 aliis,
1450 804 1539 842 Dat’
1560 817 1628 854 per

171 866 329 892 manum
344 855 406 894 W.
424 856 696 894 Archidiaconi
711 856 759 894 de
779 856 908 894 Stowa
925 856 1029 906 apud
1047 856 1256 907 Buggeden
1274 856 1313 894 N
1317 855 1377 895 on'
1395 857 1628 897 Novembris

170 907 423 948 Pontificatus
440 910 562 948 nostri
579 923 681 949 anno
700 910 846 960 quinto.

253 1025 560 1061 RAT11=10A010
615 1017 949 1067 appropriaeionis
1003 1018 1148 1056 ecclesie
1198 1017 1244 1055 de
1289 1017 1483 1058 Scitebrok
1526 1021 1628 1067 facte

170 1071 363 1109 canonicis
394 1072 439 1109 de
474 1069 597 1110 Thor'.

252 1125 443 1163 Omnibus
479 1124 628 1163 Christi
662 1124 841 1164 fidelibus
874 1124 942 1163 &c.
1018 1125 1077 1164 Ut
1116 1138 1159 1163 ea
1203 1137 1277 1174 que
1313 1125 1406 1164 locis
1442 1126 1628 1177 religiosis

166 1178 270 1227 juste
308 1179 445 1217 collata
471 1181 563 1216 sunt
590 1182 774 1228 perpetuo
802 1179 931 1217 valida
966 1180 1177 1217 consistant
1204 1182 1243 1217 et
1270 1179 1402 1218 debita
1436 1181 1628 1230 gaudeant

168 1233 359 1281 firmitate,
406 1245 476 1270 nos
521 1233 791 1271 racionabilem
843 1233 1125 1271 concessionem
1176 1236 1306 1271 sancte
1349 1235 1627 1273 recordacionis

171 1287 353 1337 Hugonis
388 1286 662 1335 predecessoris
702 1287 825 1325 nostri
861 1287 1012 1326 dilectis
1047 1287 1138 1325 filiis
1175 1287 1384 1326 Canonicis
1431 1288 1478 1326 de
1514 1288 1627 1326 Thor’

170 1340 218 1378 de
272 1341 428 1378 ecclesia
473 1341 521 1378 de
567 1340 761 1379 Scitebroc
806 1341 906 1379 sicut
951 1341 1130 1379 canonice
1174 1341 1275 1378 facta
1311 1344 1377 1379 'est
1422 1342 1628 1392 episcopali

169 1394 437 1432 confirmamus
476 1395 712 1444 auctoritate,
759 1395 860 1432 nulli
900 1395 943 1433 in
979 1396 1065 1445 jure
1111 1407 1179 1432 suo
1224 1395 1396 1433 volentes
1441 1409 1509 1445 per
1552 1396 1626 1434 hoc

168 1448 424 1498 prejudicium
476 1448 633 1499 gravari.
720 1448 844 1486 Salvis
897 1449 940 1486 in
985 1448 1165 1486 omnibus
1210 1449 1488 1498 episcopalibus
1542 1462 1627 1488 con-

169 1502 441 1540 suetudinibus
477 1505 516 1540 et
553 1501 707 1540 ecclesie
744 1502 917 1540 Lincoln'
954 1502 1153 1552 dignitate.
1224 1502 1276 1540 Et
1321 1503 1364 1540 in
1410 1503 1528 1553 hujus
1573 1504 1629 1541 rei

169 1556 435 1594 testimonium
462 1556 630 1605 presenti
656 1556 797 1605 scripto
825 1556 995 1605 sigillum
1021 1559 1196 1594 nostrum
1223 1557 1479 1605 apposuimus.
1537 1557 1627 1595 Hiis

168 1610 333 1648 testibus
350 1609 521 1648 Roberto
548 1609 813 1647 archidiacono
842 1610 1078 1657 Huntedon',
1109 1609 1295 1659 Magistro
1332 1610 1547 1660 Reginaldo
1581 1612 1628 1649 de

171 1663 303 1711 Cestr'‚
323 1664 510 1714 Magistro
529 1663 596 1701 W.
616 1663 663 1701 de
681 1663 810 1712 Well',
839 1663 987 1714 Rogero
1020 1663 1214 1714 capellano
1247 1664 1413 1702 canonic'
1439 1665 1626 1713 Lincoln',

169 1717 339 1755 Martino
372 1718 420 1755 de
452 1717 664 1764 Pateshull,
698 1718 885 1767 Magistro
919 1718 965 1757 R.
1001 1718 1049 1756 de
1082 1717 1245 1764 Gravel⁷‚
1279 1718 1465 1768 Magistro
1497 1719 1543 1757 R.
1579 1719 1628 1757 de

169 1770 441 1822 Thingehurst,
475 1771 522 1809 R.
559 1771 605 1809 de
638 1771 804 1819 Bohmu,
825 1772 941 1809 Petro
972 1771 1020 1809 de
1052 1771 1250 1819 Wileton',
1272 1771 1336 1810 W.
1369 1772 1416 1810 de
1443 1773 1626 1821 Henton',

169 1825 284 1863 Petro
304 1826 352 1863 de
370 1825 548 1873 Bathon',
569 1825 767 1875 Stephano
786 1825 834 1863 de
853 1825 1009 1864 Cicestr'
1037 1829 1076 1864 et
1103 1826 1199 1864 aliis.
1257 1825 1348 1864 Dat'
1376 1839 1444 1873 per
1469 1840 1627 1865 manum

167 1878 231 1917 W.
254 1880 301 1917 de
319 1879 504 1917 Thornac'
524 1879 797 1917 Archidiaconi
814 1879 862 1917 de
881 1879 1012 1918 Stowa
1038 1880 1143 1930 apud.
1163 1879 1405 1919 Lincolniam
1423 1883 1532 1920 sexto
1550 1881 1627 1919 kal'

167 1931 196 1971 J
197 1933 345 1972 anuarii
365 1933 617 1972 Pontificatus
635 1934 758 1972 nostri
775 1946 877 1972 anno
896 1936 1015 1972 sexto.

250 2050 482 2085 ΒΕΜιεειο
501 2040 696 2090 pensionis
715 2068 723 2077 .
747 2069 755 2079 .
787 2070 795 2079 .
827 2070 836 2079 .
857 2053 1120 2090 suspensorum
1138 2041 1368 2081 clericorum.

248 2095 370 2145 Hugo
408 2095 472 2132 dei
497 2095 618 2145 gratia
653 2094 827 2132 Lincoln’
864 2095 1077 2145 Episcopus
1105 2095 1255 2133 dilectis
1282 2096 1325 2133 in
1353 2094 1507 2134 Christo
1535 2095 1626 2134 filiis

167 2147 310 2197 Majori
345 2151 383 2186 et
411 2161 611 2187 commune
645 2148 780 2196 Oxon',
812 2148 985 2188 Salutem
1018 2152 1056 2187 et
1087 2149 1405 2188 benedictionem.
1461 2149 1627 2189 Noverit

167 2202 397 2240 universitas
432 2205 560 2241 vestra
596 2202 796 2240 dominum
834 2203 1012 2241 abbatem
1048 2206 1087 2241 et
1123 2206 1358 2242 conventum
1392 2203 1624 2254 Eynesham'

167 2268 263 2294 onus
277 2256 319 2294 in
339 2269 379 2294 se
407 2257 615 2307 suscepisse
632 2256 819 2295 reddendi
837 2257 998 2308 singulis
1017 2257 1128 2295 annis
1146 2258 1429 2307 imperpetuum
1456 2258 1627 2307 quinque

166 2322 311 2348 marcas
329 2313 367 2348 et
386 2311 483 2349 duos
508 2311 649 2349 solidos
668 2323 736 2361 pro
763 2310 874 2349 vobis
893 2324 989 2360 quos
1006 2324 1075 2350 vos
1094 2324 1143 2349 ex
1160 2312 1378 2361 provisione
1395 2312 1625 2350 venerabilis

165 2365 286 2414 patris
296 2364 419 2403 nostri
432 2364 483 2403 N.
501 2364 564 2403 dei
574 2365 695 2414 gratia
706 2364 908 2403 Tusculan'
919 2365 1102 2415 Episcopi
1120 2368 1159 2403 et
1173 2366 1379 2415 apostolice
1397 2366 1498 2404 sedis
1508 2366 1626 2416 legati

165 2419 208 2456 in
222 2419 330 2468 pena’
349 2431 417 2469 pro
444 2419 651 2469 suspendio
670 2419 892 2457 clericorum
918 2419 1021 2469 apud
1040 2418 1165 2457 Oxon'
1183 2432 1452 2470 suspensorum
1469 2420 1626 2458 reddere

165 2472 367 2510 annuatim
386 2472 612 2512 debueratis.
670 2472 754 2511 Nos
775 2478 904 2511 autem
922 2473 964 2511 id
982 2476 1109 2511 ratum
1128 2476 1166 2511 et
1184 2477 1334 2523 gratum
1352 2473 1538 2513 habentes
1557 2487 1625 2513 vos

165 2526 213 2564 ab
233 2538 346 2564 onere
364 2526 535 2576 predicto
550 2539 577 2565 v
590 2539 801 2565 marcarum
815 2530 853 2565 et
872 2527 900 2576 ij
922 2527 1131 2565 solidorum
1143 2540 1212 2577 pro
1226 2528 1338 2566 nobis
1353 2530 1392 2566 et
1407 2528 1625 2566 successori-

164 2579 238 2618 bus
255 2580 395 2619 nostris
413 2581 696 2630 imperpetuum
715 2581 864 2631 quietos
884 2581 1099 2620 clamamus.
1154 2582 1206 2619 Et
1224 2584 1269 2619 ut
1287 2582 1359 2620 hoc
1374 2582 1474 2620 nulli
1492 2582 1625 2622 veniat

163 2633 208 2671 in
226 2633 389 2672 dubium
407 2635 576 2685 presenti
594 2635 735 2685 scripto
754 2635 927 2685 sigillum
944 2638 1119 2674 nostrum
1138 2636 1401 2686 appendimus.

244 2750 604 2786 ΑΡΡΗΟΡΒΙΑΟΙΟ
630 2744 771 2793 capelle
790 2743 834 2781 de
858 2743 1067 2782 Grouleton.

245 2795 437 2834 Omnibus
449 2795 515 2834 &a
573 2796 674 2835 Cum
692 2810 735 2835 ea
763 2809 837 2846 que
863 2797 956 2835 locis
987 2796 1172 2846 religiosis
1189 2797 1468 2836 racionabiliter
1486 2796 1623 2836 collata

164 2851 255 2887 sunt
287 2849 396 2898 pium
423 2850 475 2887 sit
501 2854 685 2900 perpetuo
713 2851 897 2898 roborare,
927 2863 997 2889 nos
1024 2851 1173 2889 intuitu
1200 2851 1334 2889 divino
1361 2851 1546 2901 capellam
1574 2851 1622 2889 de

165 2903 373 2943 Crouleton
393 2904 440 2942 de
459 2916 647 2943 consensu
667 2904 858 2943 Guidonis
876 2905 924 2943 de
943 2905 980 2943 13
999 2905 1099 2943 Η316
1118 2906 1270 2955 patroni
1289 2906 1460 2954 ejusdem
1479 2905 1621 2955 capelle
