1844 3178
284 340 304 378 1
311 340 336 379 8
799 347 935 381 LIBER
965 348 1199 389 ANTIQUUS

279 448 461 497 altaragio
481 450 520 486 et
537 448 580 485 in
599 446 777 485 omnibus
795 445 907 484 terris
931 459 1019 484 cum
1043 446 1246 497 mesuagiis
1268 448 1307 484 et
1325 442 1410 485 aliis
1428 446 1674 496 pertinenciis
1693 446 1743 485 ad

279 503 440 540 eandem
484 505 624 540 terram
669 499 825 538 ecclesie
879 501 1165 550 pertinentibus
1194 503 1354 550 excepto
1399 501 1591 550 mesuagio
1637 500 1743 550 quod

283 556 474 595 Radulsus
488 554 682 605 quondam
697 553 869 592 sacerdos
888 557 926 592 et
945 568 1105 604 persona
1120 554 1274 593 ecclesie
1290 557 1494 592 memorate
1509 568 1596 592 cum
1610 558 1683 603 gfia
1696 553 1742 605 (2)

282 610 458 661 proxima
477 609 601 647 eidem
619 608 812 657 mesuagio
831 609 957 646 tenuit
977 612 1015 646 et
1043 611 1202 658 excepto
1221 609 1413 658 mesuagio
1432 609 1537 658 quod
1556 608 1743 646 Ricardus

282 664 482 714 presbyter
499 663 592 701 olim
610 662 737 700 tenuit
760 675 847 699 cum
875 662 1004 701 crofta.
1062 663 1221 700 Decime
1249 665 1377 700 autem
1403 663 1604 711 garbarum
1622 662 1743 699 totius

281 718 458 768 parochie
477 716 647 766 exceptis
679 716 836 753 decimis
867 718 965 754 terre
998 716 1152 754 ecclesie
1184 716 1232 753 ad
1267 716 1455 763 predictos
1483 717 1677 753 Abbatem
1705 718 1743 752 et

283 771 491 810 conventui
536 770 740 819 pertinent.
815 769 991 808 Vicarius
1036 770 1283 820 respondebit
1328 770 1376 807 de
1421 770 1659 807 sinodalibus
1704 772 1742 806 et

282 826 456 864 canonici
489 825 536 862 de
568 823 740 873 hospicio
772 823 1054 863 Archidiaconi.
1131 824 1191 861 De
1228 824 1313 861 aliis
1346 829 1439 861 ⁴vero
1477 823 1742 861 exactionibus

280 880 445 919 vicarius
464 891 531 929 pro
551 878 691 917 vicaria
710 890 778 915 sua
797 881 835 916 et
853 878 1027 916 canonici
1045 891 1114 927 pro
1133 891 1201 916 sua
1219 877 1398 928 porcione
1416 877 1712 927 respondebunt.

363 993 609 1028 MEDu-:TAS
621 992 858 1026 ΕΟΟΙ-ΕΞΙΕ
874 992 935 1025 DE
948 991 1243 1026 OEST’SHAM.
1258 984 1743 1023 Vicariailliusmedietatis

279 1041 433 1079 ecclesie
467 1041 513 1078 de
551 1039 793 1078 Cestersham
825 1051 899 1088 que
931 1042 989 1076 est
1026 1038 1177 1076 abbatis
1214 1042 1252 1075 et
1290 1038 1514 1077 Conventus
1545 1038 1742 1076 Leircestr'

280 1095 478 1133 exdudum
497 1093 671 1131 ordinata
704 1093 881 1130 consistit
912 1093 955 1130 in
987 1092 1166 1130 omnibus
1194 1092 1496 1131 obvencionibus
1524 1092 1742 1131 medietatis

281 1149 401 1187 totius
419 1148 592 1198 altaragii
612 1150 650 1185 et
668 1147 830 1184 minutis
850 1146 1008 1184 decimis
1023 1146 1205 1195 ejusdem.

360 1262 551 1297 ALTERA
574 1261 821 1295 ΜΕΟΙΕΤΑὸ
852 1261 1094 1296 EdUSDEM.
1144 1253 1298 1292 Vicaria
1343 1254 1498 1292 alterius
1525 1254 1743 1292 medietatis

280 1310 453 1360 ejusdem
472 1308 627 1347 ecclesie
646 1321 720 1358 que
739 1311 797 1345 est
815 1308 965 1346 abbatis
985 1311 1022 1346 et
1037 1311 1249 1346 conventus
1264 1308 1311 1346 de
1325 1308 1529 1346 Wouburn
1544 1308 1742 1346 exdudum

280 1365 454 1402 ordinata
490 1362 666 1401 consistit
698 1362 741 1399 in
772 1361 848 1399 alia
878 1362 1084 1400 medietate
1111 1362 1282 1412 altaraqii
1311 1362 1483 1412 ejusdem
1511 1362 1665 1400 ecclesie
1693 1362 1742 1399 ad

279 1432 394 1469 quam
426 1417 583 1467 quidem
614 1416 796 1455 vicariam
828 1416 930 1465 prior
962 1416 1009 1454 de
1038 1416 1293 1466 Dunestapell
1312 1419 1351 1454 et
1369 1419 1581 1454 conventus
1600 1416 1742 1454 debent

279 1476 496 1522 presentare
515 1471 582 1521 qui
600 1474 676 1508 tres
695 1482 837 1508 marcas
855 1470 1011 1508 nomine
1036 1471 1232 1520 pensionis
1260 1470 1335 1508 sibi
1354 1470 1484 1508 deberi
1503 1472 1676 1508 asserunt
1695 1470 1742 1507 de

278 1527 410 1564 eadem
428 1526 518 1563 licet
545 1527 732 1562 asseratur
758 1525 801 1561 in
828 1524 1084 1574 inquisicione
1111 1524 1322 1562 secundum
1350 1527 1494 1562 statum
1517 1524 1743 1562 modernum

280 1581 403 1618 nichil
423 1580 470 1617 de
490 1592 532 1617 ea
550 1591 660 1628 posse
680 1578 788 1616 solui.
849 1578 934 1616 Hoc
953 1581 1083 1616 tamen
1102 1578 1150 1615 de
1169 1591 1298 1616 eorum
1321 1591 1477 1616 assensu
1496 1578 1744 1628 disposicioni

282 1634 450 1684 episcopi
477 1633 651 1671 relictum
680 1635 746 1670 est.
804 1632 866 1672 De
893 1633 1073 1670 oneribus
1099 1633 1273 1670 neutrius
1300 1633 1420 1683 partis
1446 1632 1569 1670 nichil
1598 1635 1743 1670 certum

276 1689 485 1727 invenitur.

360 1803 539 1837 υΡΤΟΝ.
577 1793 731 1833 Vicaria
743 1794 785 1831 in
797 1793 953 1832 ecclesia
966 1794 1013 1832 de
1024 1794 1161 1843 thon
1173 1807 1247 1844 que
1260 1797 1317 1832 est
1329 1794 1465 1844 prioris
1478 1796 1516 1832 et
1529 1796 1742 1832 conventus

275 1851 323 1889 de
343 1850 499 1888 Merton
527 1849 726 1886 exdudum
755 1848 935 1886 ordinata
964 1849 1139 1886 consistit
1166 1849 1208 1886 in
1237 1849 1416 1886 omnibus
1436 1848 1740 1886 obvencionibus

276 1904 406 1942 altaris
421 1916 508 1941 cum
523 1903 702 1940 omnibus
717 1902 877 1940 minutis
894 1902 1051 1940 decimis
1067 1902 1186 1940 totius
1203 1903 1381 1952 parochie
1397 1903 1566 1952 exceptis
1582 1902 1743 1940 minutis

278 1958 436 1996 decimis
463 1957 511 1995 de
539 1957 643 1994 curia
662 1956 853 1994 dominica
881 1957 1147 1994 canonicorum
1176 1960 1214 1994 et
1241 1958 1283 1994 in
1302 1957 1463 1994 dimidia
1480 1957 1628 2006 virgata
1645 1959 1744 1994 terre

278 2026 366 2051 cum
381 2011 548 2061 quodam
561 2011 754 2060 mesuagio
769 2010 819 2048 ad
832 2011 1071 2048 mansionem
1086 2010 1273 2060 capellani
1286 2011 1437 2060 ydoneo
1453 2013 1491 2048 et
1507 2011 1549 2048 in
1565 2010 1744 2048 omnibus

280 2066 438 2104 decimis
456 2065 658 2115 garbarum
677 2065 724 2102 de
743 2065 1003 2114 leguminibus
1022 2078 1071 2102 ex
1086 2065 1178 2102 ortis
1193 2065 1312 2102 totius
1326 2065 1504 2115 parochie
1519 2064 1744 2114 provenien-

280 2121 384 2159 cium
403 2119 573 2169 exceptis
593 2119 685 2156 ortis
706 2118 909 2156 dominicis
938 2119 1215 2156 canonicorum.
1274 2118 1452 2157 Vicarius
1472 2122 1598 2156 autem
1620 2118 1743 2157 solvet

280 2174 470 2213 sinodalia
489 2173 664 2211 canonici
681 2185 772 2211 vero
791 2172 1007 2222 hospicium
1026 2172 1299 2211 Archidiaconi
1319 2173 1592 2223 procurabunt.

360 2290 568 2326 ετοκεε,
605 2280 759 2318 Vicaria
795 2280 839 2318 in
876 2280 1033 2318 ecclesia
1070 2280 1117 2318 de
1155 2280 1294 2319 Stokes
1331 2293 1405 2330 que
1443 2283 1500 2318 est
1536 2280 1673 2330 prioris
1706 2283 1744 2318 et

282 2336 550 2374 canonicorum
587 2334 635 2372 de
676 2333 861 2372 Luwerth
902 2347 949 2372 ex
990 2334 1139 2372 dudum
1176 2334 1352 2372 ordinata
1384 2333 1531 2387 [blank]
1568 2334 1743 2372 consistit

281 2391 324 2428 in
345 2389 523 2427 omnibus
543 2388 845 2427 obvencionibus
864 2391 903 2426 et
921 2388 1083 2426 minutis
1106 2388 1208 2426 dicte
1228 2388 1381 2426 ecclesie
1401 2388 1558 2426 decimis
1573 2389 1742 2437 exceptis

283 2443 445 2481 minutis
464 2442 622 2480 decimis
642 2442 689 2479 de
708 2443 812 2480 curia
838 2442 1008 2492 ipsorum
1033 2443 1302 2480 canonicorum
1320 2443 1362 2480 in
1381 2442 1512 2480 eadem
1531 2442 1625 2480 villa
1643 2445 1681 2479 et
1700 2442 1742 2479 in

284 2497 463 2536 omnibus
486 2496 644 2534 decimis
671 2497 871 2545 garbarum
900 2495 947 2534 de
974 2499 1055 2534 tota
1075 2500 1173 2534 terra
1192 2497 1460 2534 canonicorum
1479 2499 1517 2534 et
1535 2497 1578 2533 in
1596 2498 1742 2545 septem

283 2552 379 2590 acris
399 2551 447 2588 de
464 2553 564 2588 terra
592 2550 747 2588 ecclesie
774 2550 822 2588 de
849 2550 991 2600 quibus
1017 2553 1093 2588 tres
1117 2551 1248 2599 jacent
1262 2551 1378 2600 juxta
1397 2554 1576 2599 stagnum
1595 2549 1743 2587 domini

281 2606 350 2644 ubi
370 2604 556 2654 capellani
573 2604 746 2642 habitare
765 2604 939 2642 solebant
966 2606 1005 2641 et
1024 2604 1099 2641 due
1117 2605 1158 2641 in
1179 2604 1328 2642 Wurde
1347 2607 1386 2642 et
1405 2604 1479 2642 due
1497 2604 1539 2641 in
1559 2604 1740 2653 Apelton.

283 2660 471 2699 Consistit
491 2658 609 2696 eciam
628 2659 670 2696 in
688 2661 771 2696 tota
789 2658 1058 2696 canonicorum
1085 2661 1183 2696 terra
1202 2671 1289 2696 cum
1309 2659 1552 2708 pertinenciis
1571 2657 1649 2695 suis
1669 2669 1743 2706 que

277 2714 381 2763 jacet
395 2713 496 2750 inter
510 2712 745 2750 dominicum
758 2712 906 2749 domini
920 2716 1052 2750 versus
1067 2712 1286 2761 aquilonem
1302 2715 1339 2750 et
1353 2725 1508 2750 moram.
1566 2711 1743 2748 Vicarius

281 2771 410 2805 autem
423 2766 551 2804 omnia
563 2779 676 2804 onera
688 2766 878 2804 ordinaria
890 2765 992 2803 dicte
1003 2766 1158 2803 ecclesie
1171 2766 1377 2804 sustinebit
1390 2769 1515 2815 preter
1526 2764 1742 2814 hospicium

281 2820 554 2859 Archidiaconi
582 2820 686 2869 quod
715 2820 762 2856 de
790 2820 1034 2857 ordinacione
1062 2819 1210 2857 domini
1237 2820 1417 2870 Hugonis
1444 2819 1553 2857 Linc'
1574 2818 1742 2869 episcopi

282 2875 378 2913 dicti
397 2874 570 2912 canonici
588 2873 857 2928 procurabunt.
