1844 3178
235 386 318 427 100
748 397 886 431 LIBER
915 397 978 431 AN
982 397 1149 438 TIQUUS

233 495 590 537 Goseberdcherche
617 495 871 546 quadraginta
895 509 1048 544 marcas,
1079 496 1128 534 de
1155 495 1312 534 ecclesia
1339 496 1387 534 de
1407 495 1692 546 Grehingeham

234 555 388 590 centum
407 551 560 598 solidos,
580 550 628 588 de
647 550 803 588 ecclesia
821 549 869 588 de
888 550 1044 590 Stilton'
1065 553 1220 588 centum
1237 550 1392 598 solidos,
1409 550 1457 588 de
1474 551 1631 589 ecclesia
1645 550 1692 587 de

233 604 427 645 Wuburn'
464 604 686 654 quindecim
721 617 874 652 marcas,
914 604 1110 643 habendas
1151 607 1189 642 et
1229 604 1467 654 recipiendas
1513 605 1561 642 de
1597 605 1693 654 ipsis

234 660 403 699 ecclesiis
421 672 508 697 cum
526 658 701 708 proximo
720 658 940 697 vacaverint
959 659 1161 697 annuatim
1174 658 1216 695 in
1231 662 1395 708 quatuor
1409 659 1503 696 anni
1520 658 1694 696 terminis

234 727 302 765 per
320 726 457 752 manus
476 725 605 750 eorum
624 713 692 762 qui
718 725 787 762 pro
814 715 986 762 tempore
1003 713 1105 762 ipsas
1133 712 1307 750 ecclesias
1327 713 1521 750 tenuerint
1540 725 1606 762 per
1623 724 1694 749 nos

235 771 275 806 et
302 779 531 806 successores
559 770 708 804 nostros
736 767 805 816 qui
830 767 877 804 de
894 767 988 816 ipsis
1008 767 1175 805 ecclesiis
1194 769 1232 804 et
1252 767 1431 805 omnibus
1449 766 1695 816 pertinenciis

236 835 366 861 earum
385 822 631 871 disponemus
646 823 684 858 et
698 821 960 859 ordinabimus
974 834 1042 870 pro
1057 821 1258 859 voluntate
1272 824 1402 859 nostra
1413 821 1695 870 imperpetuum

235 877 354 914 libere
368 879 406 913 et
421 875 548 925 quiete
564 878 602 912 et
616 875 759 924 absque
774 875 880 912 omni
894 875 1126 913 condicione.
1180 874 1297 913 Salvo
1312 875 1481 924 predicte
1496 886 1696 912 commune

235 930 389 969 ecclesie
416 929 523 967 Linc’
551 928 706 966 redditu
732 932 940 967 memorato
967 919 1168 967 annu'atim
1196 929 1243 966 de
1271 929 1424 967 eisdem.
1483 928 1697 967 Statuimus

235 987 364 1022 autem
400 983 505 1033 quod
541 982 805 1032 unusquisque
840 995 971 1021 eorum
1015 983 1084 1032 qui
1129 995 1395 1032 quamcunque
1440 982 1698 1032 predictarum

235 1038 478 1076 ecclesiarum
506 1037 673 1074 tenuerit
703 1040 747 1074 ut
777 1037 923 1075 dictum
954 1040 1012 1075 est
1041 1039 1320 1075 sacramentum
1352 1036 1468 1075 faciat
1499 1036 1698 1074 fidelitatis

235 1092 392 1130 Decano
430 1093 469 1129 et
506 1090 687 1140 Capitulo
724 1090 833 1129 Linc'
871 1091 917 1129 de
954 1091 1110 1129 redditu
1147 1091 1319 1141 predicto
1356 1091 1503 1140 integre
1541 1093 1579 1128 et
1616 1090 1698 1128 sine

235 1145 496 1184 diminucione
514 1145 643 1195 aliqua
670 1145 844 1183 terminis
872 1145 951 1183 suis
978 1145 1243 1195 persolvendo,
1273 1145 1519 1183 decernentes
1542 1145 1699 1194 insuper

235 1200 341 1251 quod
372 1200 406 1237 si
437 1199 577 1249 aliquis
608 1199 780 1248 ipsorum
811 1199 1004 1237 maliciose
1031 1202 1163 1237 contra
1189 1199 1262 1237 hoc
1280 1211 1452 1249 unquam
1469 1199 1601 1237 venire
1619 1211 1700 1248 pre-

235 1253 443 1304 sumpserit
475 1257 514 1292 et
546 1253 736 1302 legittime
767 1254 1023 1291 commonitus
1054 1253 1097 1291 id
1128 1253 1328 1292 emendare
1359 1253 1537 1301 noluerit,
1571 1253 1700 1303 ipsum

235 1308 386 1347 tamdiu
421 1308 470 1346 ab
508 1307 632 1346 officio
664 1310 703 1345 et
736 1307 920 1345 beneficio
953 1307 1036 1345 fore
1066 1302 1295 1357 suspensum
1328 1307 1449 1346 donec
1477 1320 1591 1357 super
1623 1306 1699 1344 hiis

236 1362 461 1401 satisfecerit
469 1364 729 1411 competenter
734 1375 746 1410 3
759 1362 894 1399 maiori
908 1362 1027 1400 eciam
1039 1374 1138 1412 pena
1149 1362 1366 1400 faciendum
1370 1363 1386 1412 j
1391 1364 1485 1400 uxta
1499 1361 1700 1399 arbitrium

236 1420 454 1455 nostrorum
478 1414 565 1469 [sic]
599 1419 637 1454 et
674 1428 932 1454 successorum
967 1420 1195 1454 nostrorum.
1253 1416 1297 1455 Si
1332 1429 1413 1454 non
1449 1416 1502 1454 sic
1539 1427 1701 1453 errorem

236 1484 349 1509 suum
381 1470 563 1509 duxerint
583 1470 858 1520 corrigendum.
917 1469 1032 1519 Quod
1050 1473 1095 1508 ut
1112 1473 1238 1508 ratum
1258 1473 1296 1508 et
1314 1470 1468 1508 firmum
1482 1471 1702 1519 permaneat

235 1526 520 1575 imperpetuum
538 1525 709 1575 presenti
727 1527 828 1562 carte
846 1527 976 1562 nostre
994 1524 1165 1575 sigillum
1179 1527 1354 1564 nostrum
1373 1537 1450 1562 una
1470 1537 1557 1562 cum
1576 1523 1701 1573 sigillo

236 1579 410 1629 Capituli
441 1579 565 1617 nostri
596 1578 705 1616 Linc'
724 1579 983 1628 apposuimus.
1043 1579 1132 1616 Hiis
1164 1579 1344 1616 Testibus
1363 1578 1510 1628 Rogero
1531 1578 1701 1624 Decano,

235 1633 300 1672 W.
342 1633 624 1671 Archidiacono
661 1632 781 1680 Linc',
822 1632 868 1671 G.
908 1633 1147 1680 Precentore,
1185 1633 1334 1682 Rogero
1373 1632 1620 1679 Cancellario,
1661 1631 1699 1669 J.

237 1687 493 1735 Subdecano5
521 1687 567 1725 R.
593 1687 634 1724 N
636 1686 888 1736 orhampton’,
908 1686 954 1725 R.
986 1687 1124 1734 Hunt’,
1158 1686 1196 1725 J.
1224 1686 1439 1734 Bedesord',
1469 1689 1507 1724 et
1535 1686 1703 1735 Hugone

239 1742 379 1788 Stowe,
393 1740 670 1779 archidiaconis
677 1754 690 1789 3
707 1741 905 1790 Magistris
919 1741 983 1779 W.
998 1741 1049 1778 fil’
1062 1740 1244 1778 Fulconis
1263 1743 1303 1778 et
1321 1741 1402 1778 Ric’
1417 1741 1464 1778 de
1483 1739 1700 1788 Lindwud’‚

238 1795 305 1833 W.
325 1794 475 1843 Blu’do‚
505 1795 556 1834 H.
578 1794 788 1843 Burgund',
809 1794 856 1833 R.
888 1794 936 1832 de
963 1794 1146 1842 Bristoll’,
1175 1795 1322 1832 Thoma
1350 1795 1397 1832 de
1416 1793 1644 1842 Fiskerton',
1665 1797 1703 1832 et

241 1849 280 1888 S.
303 1849 352 1887 de
372 1849 527 1888 Cicestr’
547 1849 765 1898 capellanis,
780 1848 845 1886 W.
868 1849 916 1886 de
934 1847 1058 1896 Aual',
1079 1849 1123 1886 P.
1141 1849 1189 1886 de
1208 1848 1350 1898 Hung’,
1371 1848 1569 1899 Magistris
1587 1848 1633 1886 R.
1655 1848 1703 1886 de

242 1903 406 1951 Grauel',
423 1906 462 1941 et
476 1903 540 1942 W.
560 1903 607 1940 de
621 1902 742 1951 Linc',
758 1902 802 1940 P.
818 1902 866 1940 de
885 1902 1009 1950 Bath’‚
1031 1905 1069 1940 et
1088 1903 1132 1941 P.
1148 1902 1195 1940 de
1215 1903 1498 1950 Chevremont’,
1512 1902 1705 1940 canonicis

240 1957 348 1996 Linc'
362 1971 374 2006 3
401 1958 448 1996 R.
478 1957 527 1995 de
553 1956 677 1995 Warr'
705 1957 888 1994 canonico
917 1956 1031 1995 Well'
1045 1971 1057 2006 3
1085 1956 1282 2006 Magistris
1309 1957 1374 1995 W.
1397 1957 1445 1995 de
1465 1956 1576 1995 Cant'
1596 1960 1634 1994 et
1653 1956 1701 1994 A.

241 2012 290 2050 (16
309 2012 467 2062 Buged',
482 2011 547 2050 W.
565 2011 613 2049 de
632 2010 801 2058 Winch',
822 2011 867 2049 R.
891 2010 938 2049 de
958 2010 1043 2059 Ox',
1064 2013 1102 2049 et
1123 2011 1277 2049 Olivero
1297 2011 1345 2049 de
1365 2010 1524 2059 Chedn’‚
1547 2011 1702 2049 clericis.

240 2066 331 2104 Dat'
364 2079 432 2116 per
462 2078 621 2104 manum
652 2067 822 2103 nostram
853 2065 897 2103 in
927 2065 1042 2116 pleno
1076 2065 1245 2116 capitulo
1277 2065 1452 2104 Lincoln'
1472 2065 1535 2104 die
1566 2064 1706 2115 pasche

239 2119 346 2171 pont’
365 2120 488 2159 nostri
506 2132 608 2159 anno
630 2119 845 2158 undecimo.

321 2237 683 2272 ΑΡΡΗΟΡΒΙΑΟΙΟ
699 2227 745 2265 de
767 2227 865 2267 West
876 2228 1090 2266 ravendaze.
1152 2227 1361 2267 Ordinacio
1375 2227 1517 2266 vicarie
1528 2227 1704 2276 ejusdem.

325 2282 517 2321 Omnibus
536 2283 599 2320 Sao.
653 2281 820 2320 Noverit
846 2282 1076 2321 universitas
1093 2285 1219 2321 vestra
1237 2295 1308 2321 nos
1327 2282 1375 2320 de
1394 2294 1550 2320 assensu
1568 2281 1708 2332 Rogeri

244 2337 393 2375 Decani
420 2339 459 2375 et
487 2335 660 2386 Capituli
686 2336 810 2374 nostri
831 2336 939 2375 Linc‘
958 2336 1091 2375 divine
1122 2336 1279 2386 pietatis
1310 2337 1460 2374 intuitu
1492 2336 1640 2374 dedisse
1669 2337 1708 2373 et

245 2391 474 2430 concessisse
492 2391 644 2429 dilectis
670 2390 714 2428 in
734 2390 889 2429 Christo
907 2390 1056 2429 Abbati
1082 2393 1121 2428 et
1140 2390 1364 2429 Conventui
1390 2391 1439 2429 de
1457 2390 1566 2428 Bello
1586 2390 1708 2428 Portu

246 2445 443 2484 ecclesiam
461 2445 509 2483 de
528 2445 641 2483 West
660 2444 882 2483 Ravendale
900 2445 943 2483 in
960 2444 1132 2495 proprios
1159 2457 1251 2483 usus
1276 2457 1407 2483 eorum
1424 2445 1708 2495 imperpetuum

246 2499 556 2538 convertendam.
613 2498 728 2537 Salva
746 2502 930 2549 perpetua
943 2499 1084 2537 vicaria
1098 2511 1214 2548 quam
1229 2499 1491 2538 ordinavimus
1505 2499 1548 2536 in
1562 2499 1705 2537 eadem.

246 2553 470 2592 Statuentes
488 2556 533 2591 ut
555 2553 588 2590 is
616 2553 685 2602 qui
711 2565 780 2602 pro
807 2556 978 2603 tempore
1003 2556 1210 2602 perpetuus
1237 2553 1402 2592 vicarius
1429 2552 1545 2590 fuerit
1563 2553 1709 2590 ibidem

245 2607 432 2658 percipiat
459 2607 617 2645 nomine
644 2607 765 2656 ipsius
797 2607 935 2645 vicarie
966 2619 1139 2645 annuum
1170 2607 1287 2645 unius
1320 2607 1495 2645 canonici
1521 2608 1669 2646 victum
1687 2620 1709 2645 a

244 2661 428 2712 predictis
455 2660 661 2701 Canonicis
689 2663 727 2699 et
759 2673 877 2699 unam
909 2673 1075 2699 marcam
1106 2674 1275 2699 annuam
1307 2661 1358 2699 ad
1388 2661 1574 2700 vestitum
1606 2660 1710 2711 apud

243 2716 358 2754 West
376 2715 608 2754 Ravendale.
669 2714 753 2765 Ipsi
780 2718 909 2753 autem
929 2715 1115 2754 Canonici
1142 2716 1272 2753 omnia
1299 2728 1413 2753 onera
1430 2715 1536 2753 illius
1555 2715 1710 2754 ecclesie

243 2770 435 2808 ordinaria
471 2769 731 2808 sustinebunt.
808 2769 935 2808 Salvis
971 2769 1090 2808 eciam
1126 2769 1170 2807 in
1206 2769 1385 2808 omnibus
1431 2769 1710 2819 episcopalibus

244 2823 589 2862 consuetudinibus
626 2824 687 2862 διο.
767 2822 881 2872 Quod
915 2826 961 2861 ut
1005 2826 1229 2873 perpetuam
1273 2824 1446 2873 optineat
1490 2824 1711 2862 firmitatem

247 2878 417 2928 presenti
434 2878 578 2928 scripto
597 2877 767 2928 sigillum
794 2880 971 2916 nostrum
991 2890 1070 2916 una
1097 2890 1185 2915 cum
1213 2877 1338 2928 sigillo
1357 2877 1520 2927 predicti
1539 2877 1711 2926 Capituli

249 2933 372 2971 nostri
395 2931 503 2971 Linc’
522 2932 706 2971 duximus
724 2932 1008 2983 apponendum.
1066 2931 1157 2970 Hiis
1175 2931 1353 2970 Testibus
1372 2931 1520 2982 Rogero
1540 2931 1710 2980 Decano,
