1844 3178
235 341 288 381 22
764 348 902 382 LIBER
931 347 1166 388 ANTIQUUS

315 457 628 494 GHAUGRAVE‚
665 446 819 484 Vicaria
837 446 880 484 in
898 446 1054 485 ecclesia
1072 446 1119 484 de
1148 445 1373 495 Chaugrave
1391 457 1465 495 que
1484 448 1541 483 est
1560 444 1696 494 prioris

235 507 274 542 et
302 505 514 543 conventus
541 500 798 550 Dunestapell
824 501 1049 539 auctoritate
1076 499 1228 538 concilii
1256 499 1429 537 ordinata
1456 499 1631 537 consistit
1653 499 1696 536 in

234 561 317 596 toto
346 556 526 605 altaragio
555 557 594 592 et
620 554 662 592 in
700 554 850 592 duabus
877 554 1010 592 croftis
1046 567 1134 592 cum
1161 553 1319 603 gardino
1356 566 1431 602 que
1458 556 1550 590 sunt
1581 553 1697 602 juxta

235 612 432 650 ecclesiam
452 621 613 659 quarum
632 608 752 657 major
779 621 854 658 que
881 611 939 646 est
966 621 1013 646 ex
1034 611 1141 658 parte
1161 607 1388 645 occidentali
1406 607 1578 645 continet
1595 606 1638 643 in
1657 619 1696 644 se

233 666 328 716 ffijor
348 676 450 703 acras
469 666 507 701 et
525 662 651 700 minor
678 674 766 699 cum
792 661 950 711 gardino
978 661 1234 711 assignabitur
1261 661 1297 698 ei
1315 673 1382 710 pro
1402 673 1534 698 manso
1552 660 1698 698 scilicet

233 733 309 770 que
328 722 385 758 est
405 731 453 756 ex
480 720 587 767 parte
615 715 786 754 australi.
839 716 893 753 Et
920 715 1044 754 solvet
1070 715 1233 754 vicarius
1261 714 1448 752 sinodalia
1465 717 1503 752 et
1522 713 1697 752 canonici

232 773 492 824 procurabunt
511 769 727 819 hospicium
746 769 1013 807 archidiaconi.

310 902 596 941 TOTERNHO.
633 893 788 932 Vicaria
805 893 848 931 in
867 892 1023 932 ecclesia
1043 892 1090 931 de
1104 892 1298 931 Toternho
1318 905 1392 942 que
1411 895 1468 929 est
1487 891 1696 929 eorundem

231 951 458 990 auctoritate
477 947 631 987 concilii
651 947 826 985 ordinata
845 947 1020 985 consistit
1041 947 1085 984 in
1103 949 1185 984 toto
1205 946 1385 996 altaragio
1404 946 1524 995 ipsius
1543 946 1698 983 ecclesie

232 1010 271 1044 et
290 1006 333 1043 in
352 1003 507 1042 redditu
524 1015 552 1039 x
570 1001 814 1039 denariorum
833 1001 880 1039 de
898 1004 998 1039 terra
1016 1001 1172 1038 Ricardi
1191 1000 1356 1038 Godwer
1376 1003 1414 1037 et
1432 1000 1475 1037 in
1493 1000 1697 1037 medietate

232 1060 378 1098 decime
397 1057 478 1095 feni
499 1056 547 1093 de
561 1058 642 1093 tota
656 1056 844 1105 parochia.
901 1055 954 1093 Et
968 1054 1092 1093 solvet
1106 1054 1270 1093 vicarius
1284 1053 1472 1092 sinodalia
1488 1067 1496 1092 :
1525 1053 1699 1091 canonici

232 1126 322 1152 vero
341 1110 559 1161 hospicium
580 1109 840 1147 archidiaconi
857 1108 1128 1159 procurabunt.

310 1241 568 1278 8ΤΟΟΗΑΜ.
606 1233 761 1271 Vicaria
778 1233 821 1271 in
840 1233 997 1271 ecclesia
1025 1232 1072 1270 de
1092 1231 1282 1271 Stodham
1309 1244 1385 1282 que
1412 1234 1470 1269 est
1489 1231 1698 1269 eorundem

230 1291 456 1330 auctoritate
472 1287 625 1326 concilii
641 1288 815 1325 ordinata
827 1287 1003 1325 consistit
1015 1287 1057 1324 in
1072 1289 1154 1324 toto
1167 1287 1348 1335 altaragio
1361 1285 1532 1335 ejusdem
1544 1285 1699 1323 ecclesie

231 1359 318 1384 cum
336 1356 469 1382 manso
498 1345 738 1392 competente
767 1344 806 1379 et
833 1341 1056 1379 continente
1084 1341 1232 1378 circiter
1259 1341 1313 1390 vij
1343 1352 1446 1378 acras
1468 1340 1585 1377 salvis
1603 1339 1698 1389 ipsis

230 1399 349 1450 priori
369 1401 407 1436 et
427 1396 636 1436 conventui
664 1396 712 1433 de
739 1395 888 1445 prefato
908 1394 1090 1444 altaragio
1118 1407 1196 1432 una
1222 1407 1348 1432 marca
1374 1406 1502 1432 annua
1520 1396 1559 1431 et
1576 1393 1695 1443 agnis.

231 1454 284 1492 Et
303 1452 427 1491 solvet
446 1450 612 1489 vicarius
633 1449 821 1488 sinodalia
840 1449 1015 1488 canonici
1032 1461 1122 1487 vero
1141 1451 1186 1486 ut
1205 1461 1329 1498 supra.

314 1583 495 1618 LUTON.
532 1575 688 1612 Vicaria
698 1574 741 1612 in
754 1573 909 1612 ccclesia
921 1573 969 1611 de
976 1573 1105 1611 Luton
1118 1585 1191 1623 que
1204 1575 1261 1610 est
1273 1572 1424 1611 abbatis
1437 1575 1475 1610 et
1488 1574 1701 1610 conventus

232 1631 270 1670 S.
291 1630 439 1669 Albani
454 1629 679 1667 auctoritate
700 1628 854 1666 concilii
873 1628 1047 1665 ordinata
1066 1628 1179 1665 estin
1193 1627 1297 1665 hunc
1311 1627 1480 1665 modum.
1519 1626 1697 1665 Vlcarius

230 1684 391 1723 habebit
409 1683 565 1721 nomine
592 1683 733 1721 vicarie
761 1695 828 1720 sue
863 1694 994 1719 omnes
1027 1681 1281 1719 obvenciones
1309 1684 1348 1718 et
1376 1694 1507 1718 omnes
1528 1680 1697 1718 minutas

232 1739 399 1777 decimas
411 1737 567 1776 ecclesie
579 1737 626 1775 de
639 1737 770 1774 Luton
783 1739 821 1774 et
837 1736 1008 1773 omnium
1022 1735 1251 1785 capellarum
1263 1734 1312 1772 ad
1324 1748 1407 1773 eam
1418 1734 1698 1784 pertinencium

230 1796 268 1831 et
303 1793 433 1831 omnia
464 1792 539 1829 alia
571 1791 620 1829 ad
654 1790 814 1829 eandem
849 1789 1045 1827 ecclesiam
1080 1792 1118 1827 et
1151 1789 1313 1839 capellas
1341 1789 1578 1838 pertinencia
1610 1801 1697 1825 cum

230 1860 364 1886 manso
383 1845 619 1896 competenti
645 1844 815 1894 exceptis
842 1844 968 1893 garbis
996 1846 1035 1881 et
1062 1846 1161 1881 terra
1188 1843 1235 1881 ad
1265 1843 1460 1881 ecclesiam
1480 1846 1518 1880 et
1536 1842 1699 1892 capellas

230 1901 460 1951 pertinente.
517 1900 569 1937 Et
588 1898 753 1937 vicarius
772 1898 980 1936 sustinebit
1007 1898 1136 1935 omnia
1162 1910 1277 1935 onera
1295 1897 1450 1935 ecclesie
1468 1896 1699 1947 parochialia

230 1955 419 1994 sinodalia
437 1952 756 1993 archidiaconalia
775 1952 965 1990 ordinaria
983 1954 1021 1990 et
1040 1955 1231 1990 consueta.

313 2085 565 2120 HENLAWE.
603 2077 758 2115 Vicaria
784 2077 827 2114 in
854 2076 1010 2114 ecclesia
1037 2076 1085 2114 de
1104 2076 1291 2114 Henlawe
1318 2089 1394 2125 que
1421 2078 1479 2114 est
1506 2075 1642 2125 prioris
1660 2079 1699 2113 et

234 2136 447 2171 conventus
475 2132 523 2169 de
551 2131 716 2169 Lanton'
736 2130 933 2169 exdudum
969 2130 1144 2168 ordinata
1175 2130 1351 2168 consistit
1378 2130 1420 2167 in
1448 2130 1564 2167 tercia
1591 2133 1698 2179 parte

235 2187 409 2225 omnium
424 2186 656 2224 decimarum
668 2185 871 2235 garbarum
890 2187 929 2222 et
945 2184 1027 2222 seni
1045 2187 1082 2222 et
1102 2184 1384 2222 obvencionum
1399 2184 1560 2222 aliorum
1573 2186 1699 2233 preter

233 2253 375 2291 panem
394 2243 432 2278 et
451 2252 602 2278 caseum
621 2240 689 2290 qui
706 2239 853 2289 integre
872 2238 1054 2277 cedentur
1071 2239 1115 2276 in
1133 2251 1224 2276 usus
1243 2238 1388 2276 vicarii.

311 2353 685 2388 All-RlOHESEYA.
721 2346 875 2385 Vicaria
902 2346 945 2384 in
963 2346 1120 2384 ecclesia
1148 2346 1196 2384 de
1214 2345 1505 2395 Ailrichesheya
1533 2358 1608 2395 que
1641 2348 1698 2383 est

229 2401 380 2440 abbatis
408 2404 446 2439 et
474 2404 687 2440 conventus
715 2401 763 2439 de
785 2401 998 2439 Wautham
1026 2400 1223 2438 exdudum
1250 2400 1425 2438 ordinata
1452 2399 1628 2438 consistit
1654 2400 1698 2437 in

233 2455 414 2494 omnibus
428 2455 478 2493 ad
495 2455 637 2493 dictam
652 2454 848 2494 ecclesiam
861 2454 1146 2505 pertinentibus
1165 2457 1290 2504 preter
1303 2454 1469 2492 decimas
1482 2454 1693 2504 garbarum.

310 2569 589 2604 8ΤΟΤῐ-Ἀυῠ.
624 2562 778 2601 Vicaria
795 2563 839 2601 in
856 2562 1013 2601 ecclesia
1031 2562 1079 2600 de
1094 2562 1276 2601 Stotfaud
1295 2574 1369 2612 que
1388 2564 1444 2600 est
1462 2562 1639 2612 priorisse
1658 2564 1697 2599 et

230 2620 443 2656 conventus
462 2616 510 2654 de
529 2616 775 2655 Chickesand
803 2617 1027 2655 auctoritate
1058 2616 1212 2654 concilii
1243 2616 1419 2654 ordinata
1450 2616 1624 2654 consistit
1653 2615 1695 2653 in

230 2674 313 2709 toto
332 2670 513 2720 altaragio
533 2673 571 2707 et
589 2671 752 2709 minutis
771 2671 929 2709 decimis
948 2670 1127 2709 omnibus
1150 2673 1275 2720 preter
1301 2671 1426 2708 linum
1445 2673 1484 2708 et
1501 2670 1544 2707 in
1563 2681 1695 2707 manso

230 2727 470 2774 competente
489 2736 556 2774 per
574 2725 739 2774 priorem
759 2724 846 2777 (sic)
866 2725 901 2763 ei
920 2724 1159 2774 assignando.
1200 2724 1253 2762 Et
1272 2724 1395 2763 solvet
1409 2724 1573 2763 vicarius
1592 2723 1696 2761 dicto

228 2779 346 2828 priori
364 2782 441 2817 tres
459 2791 603 2816 marcas
630 2780 842 2818 annuatim.
900 2778 978 2826 Qui
1005 2778 1163 2828 quidem
1190 2779 1292 2828 prior
1311 2778 1440 2816 omnia
1458 2790 1572 2815 onera
1589 2777 1695 2814 illius

227 2832 382 2870 ecclesie
401 2833 531 2871 debita
558 2835 597 2869 et
624 2837 805 2871 consueta
831 2832 1049 2871 sustinebit.
1105 2832 1158 2870 Et
1185 2833 1289 2870 valet
1316 2832 1445 2871 totalis
1468 2831 1623 2870 ecclesia
1641 2844 1695 2870 xv

228 2887 338 2924 marc’
358 2887 500 2925 vicaria
518 2899 607 2925 vero
626 2899 661 2924 v.
