1844 3178
664 322 872 358 HUGONIS
904 323 1070 357 WELLS.
1548 311 1599 351 11

220 429 495 464 ΒΥΒΕΒυΒΝ.
532 421 686 461 Vinaria
697 421 741 460 in
755 421 911 459 ecclesia
929 421 977 460 de
996 419 1192 471 Syreburn
1209 432 1285 470 que
1303 422 1362 458 est
1378 419 1546 458 Abbatis
1565 424 1604 458 et

142 477 366 517 Conventus
395 476 443 514 de
472 474 691 514 Dorkcestr'
709 475 935 513 auctoritate
964 475 1117 513 concilii
1145 474 1320 512 ordinata
1349 474 1525 512 consistit
1560 474 1604 511 in

141 530 320 569 omnibus
337 529 638 568 obvencionibus
657 529 787 567 altaris
806 541 894 567 cum
911 528 1073 567 minutis
1092 527 1249 567 decimis
1269 527 1390 566 totius
1413 527 1601 577 parochie.

141 585 194 623 Et
211 583 370 621 habebit
387 585 552 622 vicarius
571 584 666 621 duos
684 583 827 621 solidos
845 595 994 621 annuos
1012 582 1061 620 ab
1080 581 1219 620 abbate
1237 594 1305 631 pro
1324 594 1458 619 manso
1484 581 1604 619 donec

141 638 217 687 ipsi
235 649 411 675 mansum
438 638 651 687 providerit
680 638 960 686 competentem
993 639 1032 674 et
1064 636 1188 674 solvet
1219 635 1385 674 vicarius
1417 634 1605 672 sinodalia

141 691 238 730 dicti
254 693 384 729 autem
397 691 531 730 Abbas
549 694 589 729 et
608 690 794 731 Canonici
811 690 1028 741 hospicium
1041 689 1315 728 Axchidiaconi
1331 688 1601 739 procurabunt.

224 803 479 839 ΡΙΝ8ΗυΙ-1..
515 797 670 836 Vicaria
695 796 737 835 in
765 797 922 836 ecclesia
949 797 998 835 de
1025 796 1207 836 Pinshull
1228 809 1304 847 que
1321 798 1380 835 est
1398 794 1606 834 eorundem

142 852 309 891 Abbatis
327 854 366 889 et
385 851 610 891 Conventus
631 851 850 890 Dorkcestr’
872 849 1035 904 [blank]

222 967 464 1002 TONFELD.
500 958 654 998 Vinaria
679 958 722 997 in
749 958 905 997 ecclesia
932 958 980 997 de
1006 957 1172 997 Tonfeld
1198 969 1273 1008 que
1291 960 1348 996 est
1366 956 1551 995 Priorisse
1569 958 1608 995 et

144 1013 376 1053 Monialium
403 1014 452 1051 de
479 1013 624 1063 Garing
645 1012 792 1051 dudum
821 1013 996 1051 ordinata
1014 1011 1191 1051 consistit
1208 1013 1252 1050 in
1270 1011 1450 1050 omnibus
1468 1011 1609 1050 obven-

145 1068 319 1107 cionibus
338 1066 467 1105 altaris
487 1071 526 1106 et
542 1067 587 1106 in
604 1070 687 1105 tota
706 1070 806 1105 terra
824 1066 874 1105 ad
894 1067 1055 1105 eandem
1074 1065 1270 1104 ecclesiam
1283 1065 1501 1116 pertinente
1520 1077 1609 1103 cum

146 1121 323 1161 domibus
351 1123 390 1159 et
417 1122 509 1159 ortis
528 1120 612 1173 (sic)
631 1124 669 1159 et
686 1120 730 1158 in
753 1121 933 1159 omnibus
960 1120 1119 1159 decimis
1145 1120 1253 1158 bladi
1279 1120 1328 1158 de
1355 1119 1538 1169 Hacagua
1562 1117 1607 1169 (2)

146 1179 186 1214 et
217 1176 259 1213 in
292 1174 449 1213 decimis
481 1175 589 1214 bladi
618 1174 824 1213 Willielmi
858 1175 1064 1213 Siferwast'
1085 1177 1123 1212 et
1143 1173 1312 1212 Gilberti
1330 1173 1552 1222 Bacergrige
1572 1175 1611 1210 et

147 1229 313 1268 Gilberti
331 1229 379 1267 de
396 1228 511 1267 Arki.
560 1228 738 1267 Vicarius
765 1231 895 1267 autem
932 1228 1127 1267 redditum
1153 1227 1311 1266 Archid'
1340 1228 1409 1277 qui
1445 1227 1541 1265 dicit
1564 1224 1609 1277 (2)

146 1284 282 1323 Letare
300 1285 339 1322 et
358 1282 546 1322 sinodalia
562 1282 755 1333 persolvet
773 1285 811 1321 et
830 1282 971 1321 sufficit
989 1282 1048 1321 ibi
1065 1293 1166 1320 unus
1187 1281 1416 1332 capellanus.

231 1397 554 1432 DORKCESTR'.
590 1390 746 1428 Vicaria
790 1390 834 1428 in
878 1389 1036 1428 ecclesia
1081 1389 1129 1427 de
1173 1387 1394 1427 Dorkcestr’
1439 1400 1514 1437 que
1554 1388 1613 1425 est

148 1445 430 1485 Canonicorum
448 1444 594 1483 ibidem
614 1457 701 1483 cum
721 1443 877 1494 capellis
895 1443 945 1482 ad
964 1456 1048 1483 eam
1065 1442 1350 1494 pertinentibus
1369 1438 1529 1496 [blank]
