1844 3178
667 341 874 374 Hucoms
904 341 1067 374 WELLS.
1555 332 1609 375 47

154 491 209 546 [bl
236 449 511 545 ΤῆυΒιΕΒΥ,
544 438 697 477 Vicaria
714 439 757 477 in
775 439 931 477 ecclesia
950 439 997 477 de
1008 438 1204 488 Thurleby
1224 451 1298 488 que
1317 440 1373 476 est
1393 441 1610 480 earumdem

210 506 258 531 an
306 523 314 530 .

233 609 482 644 WRANGLE,
518 600 673 638 Vicaria
689 600 732 638 in
755 600 910 638 ecclesia
937 599 984 637 de
1012 599 1195 649 Wrangle
1222 613 1295 650 que
1323 602 1382 638 est
1403 600 1554 640 abbatis
1572 606 1610 641 et

155 658 366 692 conventus
386 654 433 691 de
454 654 652 692 Waltham
671 654 846 692 consistit
859 654 901 691 in
920 657 1002 691 toto
1022 654 1200 703 altaragio
1221 667 1306 691 eum
1326 655 1492 703 quodam
1511 657 1610 694 tofto

152 708 342 756 assignato
361 707 503 745 vicario
521 708 564 745 in
582 707 777 746 Kirketon
804 707 999 745 reddendo
1019 707 1110 745 inde
1129 708 1329 745 annuatim
1349 708 1461 746 dictis
1481 709 1612 748 abbati

154 764 193 799 et
212 761 421 799 conventui
440 761 471 799 C
493 761 634 799 solidos
653 762 798 799 scilicet
826 761 874 799 ad
901 761 1043 798 festum
1063 761 1101 799 S.
1125 761 1271 799 Botulfi
1290 761 1323 799 L
1343 762 1484 800 solidos
1504 767 1542 800 et
1562 764 1611 801 ad

152 815 295 853 festum
333 814 372 853 S.
412 815 574 853 Martini
611 815 645 852 L
681 815 831 853 solidos.
895 815 947 852 Et
983 815 1148 853 vicarius
1184 815 1307 853 solvet
1344 817 1611 855 tantummodo

153 868 353 918 synodalia
389 872 427 907 et
467 869 543 918 ipsi
588 868 706 906 abbas
752 872 791 906 et
832 871 1044 907 conventus
1088 869 1347 918 procurabunt
1394 869 1611 919 hospicium

152 922 410 960 archidiaconi
446 925 484 960 et
521 923 650 960 omnia
686 922 760 960 alia
787 935 901 960 onera
937 922 1194 961 sustinebunt.
1253 922 1305 960 Et
1332 926 1389 961 est
1416 924 1556 962 vicaria
1584 938 1611 962 x

153 989 374 1015 marcarum.

237 1092 483 1127 ΜΑΒΚΕΒΥ,
520 1083 673 1121 Vicaria
700 1084 742 1120 in
769 1083 925 1121 ecclesia
953 1083 1000 1120 de
1023 1083 1213 1134 Markeby
1241 1097 1315 1134 que
1334 1087 1391 1122 est
1410 1085 1546 1134 prioris
1573 1089 1611 1124 et

155 1141 368 1175 conventus
387 1137 435 1174 de
462 1136 653 1187 Markeby
681 1137 734 1175 818
763 1141 820 1175 881
848 1137 1032 1175 ordinata.
1088 1137 1266 1176 Vicarius
1285 1139 1357 1176 erit
1375 1139 1424 1177 ad
1442 1152 1613 1178 mensam

154 1191 290 1242 prioris
309 1193 347 1228 et
366 1194 581 1229 conventus
600 1194 644 1229 ut
662 1191 826 1229 vicarius
853 1191 1032 1229 secularis
1060 1194 1098 1229 et
1125 1192 1308 1241 percipiet
1337 1194 1536 1232 annuatim
1566 1194 1614 1232 de

155 1245 269 1283 dictis
287 1244 411 1294 priore
441 1247 479 1282 et
507 1248 702 1283 conventu
724 1258 841 1282 unam
868 1257 1033 1282 marcam
1060 1245 1109 1282 ad
1137 1246 1323 1284 vestitum
1349 1259 1463 1285 suum
1483 1251 1520 1285 et
1540 1249 1615 1298 ipsi

153 1299 257 1349 prior
275 1303 313 1336 et
332 1301 542 1336 conventus
560 1299 761 1336 invenient
783 1299 959 1336 clericum
980 1302 1019 1336 et
1037 1299 1188 1336 solvent
1206 1300 1404 1349 synodalia
1424 1298 1500 1352 [fo.
1526 1300 1612 1354 14¹³]

155 1356 194 1391 et
212 1352 428 1402 hospicium
446 1353 702 1391 archidiaconi
719 1353 980 1402 procurabunt
998 1356 1036 1390 et
1055 1356 1178 1391 cetera
1196 1366 1309 1391 onera
1335 1355 1592 1394 sustinebunt.

238 1469 433 1503 ΟΒοΙ-ΤΕ
453 1469 594 1503 Αι.1Α5
626 1459 897 1503 ΗΟΤΟΙ--ΙἙ,“)ε
925 1459 1079 1498 Vicaria
1097 1460 1139 1497 in
1159 1460 1315 1498 ecclesia
1334 1461 1381 1498 (18
1410 1461 1522 1501 Croft
1541 1476 1615 1513 que

156 1518 214 1552 est
232 1514 440 1552 eorundem
459 1514 633 1551 consistit
651 1514 694 1551 in
714 1514 891 1551 omnibus
920 1513 1182 1551 oblacionibus
1205 1515 1335 1552 altaris
1352 1515 1394 1552 in
1415 1516 1553 1565 ciragio
1571 1518 1614 1554 in

156 1568 311 1606 decimis
330 1568 404 1605 lini
423 1571 460 1605 et
479 1568 615 1605 canabi
640 1568 851 1606 vitulorum
880 1570 918 1605 et
945 1568 1138 1617 pullorum
1159 1571 1196 1605 et
1216 1572 1274 1606 est
1291 1572 1385 1606 tunc
1412 1570 1553 1608 vicaria
1573 1572 1612 1620 vj

153 1622 266 1660 marc’
295 1625 332 1659 et
360 1621 523 1660 vicarius
553 1621 676 1660 solvet
712 1621 980 1659 tantummodo
1016 1621 1215 1670 synodalia
1251 1625 1291 1660 et
1326 1623 1402 1672 ipsi
1437 1625 1540 1673 prior
1576 1628 1614 1662 et

155 1679 367 1714 conventus
385 1675 642 1725 procurabunt
669 1675 887 1725 hospicium
914 1674 1172 1714 archidiaconi
1199 1678 1237 1713 et
1259 1677 1388 1715 omnia
1406 1677 1481 1716 alia
1500 1691 1614 1717 onera

153 1730 410 1769 sustinebunt.

411 1800 428 1818 ὕ
440 1799 616 1831 Apparently
628 1798 761 1830 Huttoft‚
773 1798 854 1824 Oroft
865 1798 950 1831 being
960 1799 1075 1825 entered
1086 1806 1123 1825 on
1135 1799 1185 1825 the
1196 1803 1266 1825 next
1278 1799 1356 1828 folio.

239 1897 481 1932 emt—ESBY,
518 1887 673 1925 Vicaria
699 1887 742 1925 in
769 1887 925 1925 ecclesia
953 1887 1000 1925 de
1029 1887 1204 1937 Billesby
1231 1901 1306 1937 que
1329 1892 1387 1927 est
1408 1890 1617 1929 eorundem

156 1942 331 1980 consistit
350 1942 392 1978 in
413 1945 492 1979 toto
511 1941 691 1991 altaragio
711 1954 798 1978 cum
824 1942 924 1979 tofto
952 1941 1056 1991 quod
1083 1942 1250 1991 pertinet
1277 1942 1327 1980 ad
1354 1943 1550 1982 ecclesiam
1579 1949 1618 1983 et

157 1995 262 2045 quod
279 1995 355 2033 fuit
373 1995 479 2045 prius
498 1995 686 2045 capellani
702 1995 847 2033 ibidem
875 1995 1130 2033 ministrantis
1164 1999 1201 2033 et
1233 1996 1398 2034 vicarius
1431 1999 1617 2048 percipiet

158 2050 206 2087 (18
225 2049 339 2087 (118118
361 2049 485 2099 priore
517 2053 556 2087 et
587 2052 781 2087 conventu
812 2050 1013 2087 annuatim
1043 2049 1085 2087 in
1116 2049 1215 2087 festo
1249 2050 1288 2088 S.
1309 2050 1472 2089 Martini
1498 2065 1616 2091 unam

158 2115 346 2141 summam
378 2103 565 2141 frumenti
597 2102 847 2152 competentis
879 2106 918 2141 et
953 2116 1071 2141 unam
1108 2116 1256 2142 summa
1282 2104 1400 2142 fabar’
1432 2109 1470 2144 81
1497 2119 1616 2145 unam

158 2169 347 2195 summam
383 2169 514 2195 avene.
570 2156 622 2195 Et
650 2157 814 2195 vicarius
841 2157 966 2195 solvet
1000 2158 1268 2195 tantummodo
1296 2158 1506 2208 synodalia.
1563 2161 1616 2198 Et

157 2211 233 2261 ipsi
251 2211 354 2260 prior
371 2214 410 2249 et
428 2213 641 2249 conventus
659 2210 918 2260 procurabunt
935 2211 1152 2260 hospicium
1170 2211 1426 2251 archidiaconi
1441 2217 1479 2252 et
1494 2217 1617 2253 cetera

159 2277 273 2303 onera
291 2265 548 2303 sustinebunt.
604 2264 658 2303 Et
676 2268 733 2303 881
751 2265 893 2303 vicaria
910 2265 968 2315 iiij
989 2266 1110 2304 marc'.

240 2381 537 2417 STEYNFELD.
574 2370 828 2426 [Stainfield]
862 2373 1014 2411 Vicarie
1032 2373 1075 2410 in
1094 2373 1250 2411 ecclesia
1268 2373 1316 2411 de
1336 2373 1529 2413 Steinfeld
1543 2388 1619 2425 que

161 2429 219 2465 est
245 2427 416 2477 magistri
443 2429 482 2464 et
509 2430 722 2465 conventus
749 2427 798 2464 de
825 2427 1018 2465 Steinfeld
1037 2427 1091 2465 sic
1110 2429 1169 2465 est
1188 2427 1372 2467 ordinata.
1439 2428 1617 2468 Vicarius

161 2481 233 2518 erit
252 2481 301 2519 ad
315 2493 486 2518 mensam
499 2480 670 2530 magistri
686 2484 730 2518 ut
743 2481 907 2519 vicarius
922 2481 1099 2519 secularis
1118 2484 1155 2519 et
1174 2481 1331 2520 clericus
1346 2483 1428 2532 ejus
1442 2483 1619 2522 similiter

161 2537 200 2571 81
217 2535 299 2583 ipse
316 2534 480 2572 vicarius
498 2535 682 2584 percipiet
706 2535 907 2572 annuatim
935 2535 983 2573 (18
1011 2535 1124 2572 dictis
1152 2535 1332 2584 magistro
1360 2539 1398 2574 et
1425 2542 1619 2576 conventu

160 2600 217 2625 xx
235 2587 302 2626 sol'
321 2588 370 2625 ad
389 2588 573 2626 vestitum
592 2601 705 2626 suum
724 2591 762 2626 81
780 2589 855 2638 ipsi
873 2589 1052 2638 magister
1070 2591 1109 2626 81
1128 2593 1339 2627 conventus
1357 2591 1617 2640 procurabunt

160 2641 376 2691 hospicium
394 2641 665 2680 Archidiaconi
692 2645 730 2680 et
758 2646 881 2681 cetera
908 2655 1023 2681 onera
1049 2646 1129 2680 tam
1153 2643 1343 2682 ordinaria
1361 2657 1477 2694 quam
1497 2648 1616 2684 extra-

160 2695 350 2734 ordinaria
377 2695 633 2734 sustinebunt.

243 2812 495 2846 MARTONA.
549 2803 703 2842 Vicaria
729 2804 772 2842 in
799 2804 956 2842 ecclesia
974 2804 1022 2842 de
1040 2803 1208 2842 Marton'
1227 2817 1301 2854 que
1320 2808 1378 2844 est
1400 2806 1618 2845 earumdem

162 2857 336 2894 consistit
353 2857 396 2894 in
415 2860 497 2894 toto
515 2857 696 2907 altaragio
724 2861 762 2895 et
789 2859 832 2896 in
859 2858 1013 2896 redditu
1041 2858 1200 2896 dimidie
1218 2871 1342 2897 marce
1365 2860 1482 2898 assiso
1502 2873 1616 2910 quem

162 2909 356 2948 redditum
376 2911 491 2961 Hugo
507 2911 554 2951 de
569 2911 764 2963 Hospitali
778 2912 904 2950 reddit
918 2912 1118 2951 annuatim
1133 2916 1170 2951 et
1185 2914 1227 2951 in
1242 2913 1399 2951 decimis
1416 2914 1616 2964 garbarum
