1844 3178
688 307 894 342 Hueoms
924 308 1086 343 WELLS.
1572 305 1626 348 79

254 413 361 448 χωε,
385 414 447 448 DE
467 414 706 450 EGOLESffi
729 406 908 444 Omnium
926 407 994 445 SS.
1017 407 1062 445 de
1081 408 1293 456 Bedesord'.

253 457 455 496 Universis
467 459 527 497 &c
579 459 742 498 Noverit
756 459 985 498 universitas
1000 463 1125 499 vestra
1138 474 1208 500 nos
1223 462 1270 500 de
1284 475 1439 501 assensu
1454 465 1627 516 Capituli

172 511 294 548 nostri
305 511 415 549 Linc'
428 512 560 550 divine
571 513 725 562 pietatis
736 513 883 551 intuitu
895 513 1043 552 dedisse
1055 516 1280 554 concessisse
1292 520 1331 554 et
1341 520 1509 566 presenti
1525 525 1627 561 carta

171 568 302 602 nostra
338 566 577 604 confirmasse
609 566 734 604 Priori
761 571 799 605 et
828 567 1031 606 Canonicis
1064 569 1111 607 de
1148 569 1188 607 N
1190 571 1384 608 ewenham
1423 572 1624 614 duodecim

172 617 312 656 solidos
329 619 376 656 de
396 620 550 658 ecclesia
570 620 752 658 Omnium
768 621 994 659 Sanctorum
1010 622 1057 660 de
1069 623 1271 661 Bedeford'
1283 624 1438 663 nomine
1450 630 1626 677 perpetui

170 671 347 710 beneficii
365 675 564 711 annuatim
583 674 855 723 percipiendos.
916 675 1043 714 Salvis
1062 677 1104 714 in
1124 678 1301 715 omnibus
1326 679 1385 716 850.
1446 680 1560 728 Quod
1583 686 1627 721 ut

170 728 297 763 ratum
311 730 529 776 permaneat
542 728 824 777 imperpetuum
835 730 1004 778 presenti
1015 731 1155 779 scripto
1167 734 1205 768 et
1217 731 1334 781 sigilli
1346 745 1415 770 nos
1421 735 1468 771 tri
1479 736 1627 784 apposi-

171 779 278 817 cione
311 780 493 819 duximus
524 781 790 820 roborandum.
850 783 939 821 Hiis
962 783 1150 833 Testibus,
1171 784 1317 835 Rogero
1338 785 1480 825 decano
1500 789 1619 837 Linc’,

170 832 266 870 Rob.
283 833 330 871 de
342 834 383 871 N
384 834 634 883 orhampton'‚
649 835 867 875 Reimundo
879 837 1012 885 Leirc',
1025 838 1138 875 Alex.
1150 838 1360 887 Bedeford',
1376 840 1472 879 Rob.
1488 841 1626 891 Hunt',

168 886 445 925 archidiaconis
458 902 470 936 ,-
496 887 691 938 Magistris
719 890 765 928 R.
797 890 845 928 de
873 890 991 929 Cestr'
1019 895 1057 929 et
1085 892 1149 930 W.
1180 892 1228 930 de
1255 892 1384 941 welf,
1403 895 1551 934 Thoma
1574 897 1621 935 de

168 939 374 978 Fiskerton
401 944 439 979 et
466 942 514 980 P.
542 942 589 979 de
617 943 742 990 Bath',
763 945 894 982 canon’
914 945 1021 982 Linc'
1035 959 1047 993 3
1083 945 1279 996 Magistris
1306 947 1352 985 R.
1383 948 1431 986 de
1460 949 1625 998 Grauel',

167 992 314 1032 Thoma
333 994 428 1032 offic’
446 995 487 1033 N
490 995 686 1045 orhampt'‚
708 997 816 1035 Will.
835 998 882 1036 de
897 998 1142 1045 Brancewell,
1165 1001 1319 1038 Simone
1338 1001 1386 1039 de
1404 1002 1621 1052 Elnestow’,

167 1050 207 1084 et
220 1048 315 1086 aliis.
367 1049 457 1086 Dat’
474 1062 541 1098 per
554 1062 712 1088 manum
727 1050 903 1101 Magistri
917 1052 1121 1090 Willielmi
1136 1053 1184 1091 de
1198 1054 1354 1092 Tornac'
1369 1056 1626 1096 archidiaconi

168 1100 295 1139 Stowe
323 1102 426 1151 apud
452 1103 577 1141 Vetus
604 1103 807 1153 Templum
835 1106 1010 1144 London'
1038 1110 1173 1156 quarto
1204 1107 1356 1146 kalend'
1385 1109 1622 1160 Septembris

165 1156 412 1204 pontificatus
429 1158 551 1195 nostri
568 1170 670 1196 anno
688 1159 759 1208 vj0.

245 1261 556 1297 ΗΑΤΙΡΙΟΑΟΙΟ
587 1263 876 1298 ΒΙΞΒΕΜΑΟΕ.

247 1304 450 1343 Universis
495 1305 562 1344 Sco.
642 1307 806 1344 Noverit
851 1306 1081 1345 universitas
1125 1310 1253 1346 vestra
1298 1322 1369 1348 nos
1414 1310 1625 1361 inspexisse

167 1357 494 1397 confirmacionem
523 1359 795 1409 predecessoris
822 1361 944 1398 nostri
974 1360 1150 1410 Hugonis
1182 1361 1289 1401 Linc'
1319 1364 1362 1401 in
1393 1363 1463 1402 hec
1496 1367 1621 1405 verba.

167 1411 358 1450 Omnibus
396 1413 542 1452 Christi
576 1413 755 1452 fidelibus
791 1414 840 1452 ad
877 1427 973 1464 quos
1015 1427 1169 1463 presens
1197 1417 1382 1466 scriptum
1408 1420 1625 1467 pervenerit

165 1465 282 1515 Hugo
310 1466 372 1504 dei
398 1467 520 1516 gratia
538 1467 646 1505 Linc'
667 1468 879 1518 Episcopus
900 1467 1073 1506 Salutem
1097 1469 1140 1506 in
1169 1469 1334 1509 domino.
1391 1472 1458 1509 Ad
1475 1474 1626 1511 univer-

164 1520 288 1557 sitatis
315 1524 440 1559 vestre
467 1521 649 1558 noticiam
689 1522 868 1559 volumus
908 1523 1106 1571 pervenire
1142 1535 1212 1561 nos
1249 1527 1370 1562 ratam
1407 1528 1445 1563 et
1477 1530 1624 1576 gratam

163 1573 303 1611 habere
331 1574 580 1612 donacionem
608 1588 722 1624 quam
750 1576 843 1614 fecit
871 1575 1033 1613 dilectus
1074 1576 1176 1614 filius
1200 1581 1331 1615 noster
1368 1579 1483 1629 Hugo
1521 1581 1625 1619 filius

165 1627 313 1665 Oliveri
347 1628 395 1666 de
422 1628 531 1665 Bello
560 1629 705 1678 Campo
742 1629 813 1667 deo
849 1632 888 1666 et
925 1628 962 1667 S.
1002 1629 1126 1667 Marie
1153 1633 1192 1668 et
1219 1631 1432 1671 Willielmo
1462 1633 1509 1672 de
1535 1634 1621 1673 Col-

163 1682 301 1719 morth'
321 1685 359 1720 et
379 1682 457 1720 illis
476 1682 645 1731 quicum
669 1695 712 1720 eo
734 1683 778 1721 in
796 1683 936 1721 habitu
962 1682 1156 1732 religionis
1184 1684 1406 1724 deserviunt
1433 1690 1471 1725 et
1489 1688 1626 1738 imper-

163 1738 324 1785 petuum
351 1736 530 1774 servituri
557 1739 649 1774 sunt
676 1737 719 1774 in
746 1737 924 1786 parochia
951 1736 999 1774 de
1031 1738 1145 1775 Eton'
1174 1738 1301 1777 locum
1333 1740 1382 1778 de
1414 1741 1624 1780 Bissemad’

164 1793 202 1827 et
220 1792 373 1827 tantum
400 1789 506 1828 bosci
535 1793 573 1828 et
591 1794 688 1828 terre
716 1794 906 1840 quantum
934 1791 1153 1829 continetur
1179 1805 1201 1830 a
1223 1796 1391 1832 torrente
1411 1795 1623 1834 Bleisword

163 1843 211 1881 de
237 1856 349 1893 parco
376 1843 554 1893 Hugonis
580 1844 701 1893 ipsius
726 1845 840 1893 juxta
867 1845 1051 1882 fossatum
1080 1845 1249 1884 Simonis
1277 1847 1324 1885 de
1352 1848 1553 1887 Pateshull
1580 1851 1623 1888 in

163 1898 405 1947 longitudine
436 1910 557 1947 usque
589 1898 638 1935 ad
666 1898 1000 1936 Lufmaresweiam
1033 1902 1071 1936 et
1101 1900 1145 1937 in
1177 1900 1384 1940 latitudine
1421 1916 1542 1952 usque
1575 1904 1624 1942 ad

163 1952 348 1989 fossatum
368 1951 574 1989 Willielmi
593 1952 812 1991 Dauen'sis:
839 1952 1015 1990 similiter
1034 1956 1072 1990 et
1091 1966 1208 1991 unam
1221 1955 1324 1992 viam
1335 1956 1449 2004 juxta
1464 1957 1620 1995 Torren-

161 2009 242 2043 tem
261 2018 335 2054 que
354 2005 442 2043 fluit
460 2005 561 2043 inter
579 2018 735 2055 parcum
755 2008 793 2043 et
819 2006 1030 2044 Bleisword
1054 2019 1175 2056 usque
1201 2009 1250 2046 ad
1275 2012 1413 2047 terram
1434 2008 1501 2062 [fo.
1524 2010 1623 2064 25³]

162 2059 367 2108 Reginaldi
387 2059 459 2096 filii
474 2059 674 2097 Goseberti
689 2060 771 2097 Dec
787 2058 888 2113 [ani]
905 2075 913 2098 :
933 2060 1047 2097 aliam
1063 2061 1181 2098 eciam
1195 2063 1299 2099 viam
1314 2064 1458 2102 scilicet
1472 2078 1494 2102 a
1507 2065 1622 2104 bosco

161 2113 372 2162 supradicti
403 2112 609 2151 Willielmi
641 2114 826 2163 capellani
857 2118 895 2152 et
926 2114 1088 2151 fratrum
1119 2115 1194 2152 loci
1220 2116 1326 2154 illius
1353 2118 1455 2156 inter
1482 2122 1619 2157 terram

161 2167 369 2205 Willielmi
403 2166 596 2204 Dauensis
631 2171 670 2205 et
707 2168 913 2218 Reginaldi
941 2168 990 2206 de
1018 2168 1098 2205 Baa
1126 2181 1247 2218 usque
1284 2171 1334 2208 ad
1371 2171 1562 2210 forensem
1574 2172 1619 2223 (2)

161 2221 330 2260 boscum.
397 2220 692 2259 Concessionem
710 2222 830 2260 eciam
849 2234 965 2272 quam
982 2221 1074 2259 fecit
1097 2223 1291 2271 predictus
1310 2224 1426 2274 Hugo
1446 2226 1494 2264 de
1513 2227 1622 2265 Bello

162 2275 308 2325 Campo
328 2274 476 2325 prefato
489 2274 572 2312 loco
587 2275 636 2313 de
650 2275 857 2314 Bissemed'
873 2279 912 2314 et
927 2276 1109 2313 fratribus
1123 2277 1268 2315 ibidem
1282 2278 1353 2316 deo
1367 2280 1622 2318 servientibus

162 2333 200 2367 et
219 2328 415 2367 servituris
433 2328 614 2367 videlicet
633 2330 850 2368 communia
868 2342 1006 2380 pascua
1017 2342 1084 2379 per
1103 2343 1215 2368 omne
1230 2331 1465 2371 dominicum
1483 2335 1622 2383 prefati

161 2383 351 2433 Hugonis‚
372 2382 535 2432 primam
553 2383 672 2421 eciam
690 2387 881 2422 moturam
899 2386 986 2433 post
1004 2383 1104 2421 illud
1123 2385 1227 2433 quod
1245 2398 1395 2424 sursum
1414 2388 1619 2426 inventum

160 2437 287 2476 suerit.
345 2437 429 2474 Hec
467 2437 594 2474 omnia
639 2437 739 2475 sicut
774 2437 1039 2487 prenominata
1075 2441 1167 2476 sunt
1203 2442 1241 2477 et
1287 2440 1434 2489 prefato
1470 2441 1553 2480 loco
1599 2456 1622 2480 a

161 2492 379 2540 supradicto
412 2490 579 2540 Hugone
611 2490 658 2528 de
691 2492 801 2529 Bello
835 2491 981 2541 Campo
1014 2491 1151 2529 collata
1180 2496 1218 2530 et
1250 2506 1425 2532 concessa
1452 2496 1621 2545 presenti

160 2545 302 2594 scripto
321 2548 359 2583 et
377 2544 494 2593 sigilli
512 2545 633 2582 nostri
651 2546 862 2594 patrocinio
878 2545 1154 2583 confirmamus.
1197 2546 1376 2586 Testibus
1388 2549 1552 2587 Ricardo
1568 2549 1616 2588 de

161 2598 436 2645 Salewescliue,
459 2598 632 2636 Gilberto
648 2599 695 2637 de
710 2599 870 2647 Rowell,
887 2598 1090 2645 canonicis,
1112 2602 1150 2637 et
1174 2600 1269 2640 aliis.
1330 2602 1394 2640 Sic
1413 2603 1532 2652 igitur
1548 2603 1620 2642 hec

160 2653 379 2702 supradicta
398 2652 452 2689 eis
483 2664 505 2690 a
536 2652 864 2701 predecessoribus
893 2652 1034 2691 nostris
1067 2653 1232 2703 Hugone
1250 2655 1351 2693 bone
1370 2657 1549 2694 memorie
1577 2660 1616 2695 et

160 2706 373 2744 Willielmo
392 2706 492 2743 bone
511 2707 691 2744 memorie
708 2707 818 2745 Linc'
838 2707 993 2745 ecclesie
1010 2706 1212 2757 Episcopis
1236 2710 1517 2748 racionabiliter
1535 2723 1621 2749 con-

158 2760 308 2798 firmata
325 2763 426 2798 sunt.
483 2759 547 2797 Ita
576 2759 716 2799 dilecto
747 2762 827 2799 filio
859 2761 978 2810 Josep
1010 2760 1127 2809 priori
1156 2764 1194 2799 et
1225 2764 1503 2802 successoribus
1538 2765 1619 2803 suis

160 2815 340 2852 canonice
371 2813 650 2852 substituendis
687 2817 726 2852 et
762 2815 954 2854 canonicis
989 2813 1136 2852 ibidem
1175 2815 1246 2854 deo
1285 2818 1541 2856 servientibus
1579 2822 1617 2856 et

159 2867 442 2918 imperpetuum
460 2867 658 2905 servituris
679 2868 810 2907 eadem
829 2869 958 2907 omnia
976 2870 1014 2906 et
1033 2868 1066 2905 si
1084 2881 1162 2917 qua
1187 2871 1388 2919 postmodo
1407 2871 1539 2922 adepti
1556 2872 1619 2911 vel
