1844 3178
261 317 280 356 1
288 317 313 356 6
775 325 911 358 LIBER
941 325 1175 366 ANTIQUUS

259 425 429 476 exceptis
447 424 608 464 minutis
627 424 785 462 decimis
804 423 852 461 de
870 423 1063 463 dominico
1081 424 1354 463 monachorum
1372 425 1467 463 etin
1481 438 1558 463 una
1572 426 1719 475 virgata

257 483 355 518 terre
376 492 464 518 cum
481 491 613 517 manso
632 478 682 516 ad
701 490 784 516 eam
812 481 1008 528 spectante
1034 479 1078 516 in
1095 478 1191 517 villa
1210 479 1258 516 de
1277 478 1500 529 Cudington
1521 483 1560 517 et
1578 480 1621 517 in
1638 482 1721 518 tota

258 534 404 572 decima
422 534 622 584 garbarum
641 532 761 570 trium
806 561 814 570 .
873 561 881 570 .
939 562 947 570 .
1007 562 1015 571 .
1066 530 1231 585 [erased]
1250 535 1347 571 terre
1366 533 1413 571 de
1431 533 1544 571 feodo
1564 533 1720 571 Ricardi

256 588 419 638 junioris
450 588 493 625 in
521 587 616 626 villa
645 586 693 624 de
726 585 957 624 Hedenham
993 589 1032 624 et
1067 588 1111 624 in
1146 599 1225 624 uno
1257 599 1390 624 manso
1423 600 1510 625 cum
1541 587 1720 625 domibus

257 642 462 680 Willielmi
475 641 670 691 quondam
685 640 872 689 capellani
885 640 1057 689 ejusdem
1070 640 1163 678 ville
1179 653 1264 678 cum
1279 643 1362 678 tota
1375 641 1479 679 curia
1492 641 1542 679 ad
1554 641 1719 679 eundem

256 708 433 733 mansum
445 695 716 745 spectantibus.
760 693 931 731 Terciam
942 697 1070 732 autem
1081 694 1236 744 garbam
1249 695 1370 745 totius
1381 695 1474 733 ville
1486 695 1719 733 decimarum

257 749 305 787 de
320 749 521 788 Cudinton
534 748 609 798 ipsi
622 747 764 786 vicario
779 748 885 797 prius
900 748 1124 797 deputatam
1136 748 1311 786 detenuit
1325 748 1504 786 dominus
1519 749 1719 798 episcopus

257 803 373 853 Hugo
401 803 591 841 secundus
617 802 661 840 in
690 814 783 839 usus
814 801 1071 851 predictorum
1103 802 1380 840 monachorum
1407 802 1715 841 convertendam.

255 857 308 895 Et
335 858 450 895 debet
476 856 639 896 vicarius
671 856 714 893 in
751 855 908 893 ecclesia
945 855 993 893 de
1020 855 1252 894 Hedenham
1288 856 1332 893 in
1367 856 1520 906 propria
1556 869 1719 906 persona

255 911 471 949 ministrare
489 914 526 949 et
547 909 787 960 capellanum
804 909 987 947 idoneum
999 910 1143 959 capelle
1157 910 1204 948 de
1220 910 1422 949 Gudinton
1436 910 1718 948 ministrantem

254 965 428 1003 invenire
447 969 485 1003 et
503 965 632 1003 omnia
650 964 726 1002 alia
744 976 858 1001 onera
886 963 1058 1013 ejusdem
1085 964 1239 1001 ecclesie
1257 966 1338 1002 tam
1356 964 1585 1014 episcopalia
1602 976 1719 1013 quam

255 1018 573 1057 archidiaconalia
591 1018 778 1056 sustinere
797 1020 957 1067 excepto
986 1018 1132 1056 auxilio
1160 1017 1328 1068 episcopi
1346 1018 1380 1056 si
1399 1018 1498 1056 forte
1517 1018 1718 1067 contigerit

256 1072 303 1110 de
315 1085 390 1122 quo
404 1085 473 1122 pro
488 1073 730 1110 estimatione
741 1072 932 1122 porcionis
947 1084 1013 1109 sue
1027 1072 1247 1121 providebit
1259 1075 1297 1109 et
1309 1075 1466 1122 excepta
1477 1073 1718 1122 reparacione

255 1126 361 1165 chori
380 1127 535 1165 ecclesie
554 1126 602 1164 ad
622 1139 738 1176 quam
756 1126 912 1164 sacrista
931 1126 1079 1164 Roffen’
1099 1125 1304 1164 tenebitur.

333 1241 537 1275 8ΤΑΝΕ8.
574 1234 728 1272 Vicaria
763 1234 806 1271 in
838 1233 994 1271 ecclesia
1030 1233 1078 1270 de
1112 1232 1249 1272 Stanes
1285 1246 1360 1283 que
1397 1236 1454 1271 est
1491 1233 1641 1271 abbatis
1680 1237 1719 1272 et

251 1291 464 1326 conventus
484 1288 575 1326 Osn'
594 1288 817 1326 auctoritate
836 1287 989 1325 concilii
1016 1287 1191 1325 ordinata
1209 1288 1386 1325 consistit
1412 1288 1455 1324 in
1474 1288 1653 1325 omnibus
1682 1291 1720 1325 et

252 1355 320 1393 per
337 1342 466 1381 omnia
484 1345 529 1380 ut
547 1355 662 1393 supra
679 1342 723 1379 in
742 1341 1068 1379 Archidiaconatu
1087 1340 1212 1379 Oxon'
1230 1341 1273 1379 111
1292 1341 1492 1392 principio.

336 1457 649 1492 MESSENDEN.
687 1449 841 1488 Vicaria
859 1449 903 1487 in
921 1449 1078 1488 00010510
1096 1449 1304 1498 parochiali
1323 1449 1371 1487 de
1390 1449 1623 1487 Messenden
1642 1462 1718 1499 (1110

253 1509 311 1544 051
326 1505 477 1543 abbatis
498 1508 536 1542 01
555 1506 768 1542 conventus
786 1504 932 1541 ibidem
952 1504 1177 1541 auctoritate
1196 1504 1349 1541 concilii
1368 1503 1543 1541 ordinata
1570 1506 1629 1541 est
1647 1504 1720 1541 hoc

252 1560 377 1597 modo.
434 1559 611 1597 Vicarius
630 1558 791 1596 habebit
809 1558 884 1595 sibi
903 1561 942 1596 et
960 1557 1095 1595 clerico
1115 1570 1183 1595 suo
1198 1570 1286 1595 cum
1299 1570 1378 1595 uno
1394 1570 1491 1607 equo
1510 1558 1720 1595 necessaria

252 1614 378 1652 victus
405 1614 449 1651 111
475 1612 645 1650 Abbatia
672 1625 760 1649 cum
788 1612 919 1650 debita
945 1612 1147 1649 honestate
1175 1614 1214 1649 et
1240 1612 1383 1661 viginti
1409 1611 1552 1649 solidos
1570 1624 1719 1649 annuos

252 1680 321 1718 pro
340 1667 544 1717 stipendiis
563 1666 610 1704 (10
641 1666 822 1715 altaragio
849 1666 971 1715 ipsius
1001 1665 1155 1704 ecclesie
1184 1665 1449 1715 percipiendos
1476 1678 1543 1715 per
1561 1678 1720 1704 manum

253 1735 361 1760 suam
381 1722 480 1759 sicut
500 1720 620 1759 iidem
651 1720 799 1758 denarii
831 1720 880 1758 ad
911 1733 1070 1757 manum
1101 1732 1211 1757 suam
1245 1720 1423 1758 venerint
1440 1734 1448 1758 :
1479 1722 1518 1757 et
1549 1722 1720 1769 preterea

251 1789 429 1814 mansum
449 1777 728 1825 competentem
747 1776 854 1812 extra
875 1774 1065 1812 ambitum
1079 1774 1241 1812 abbatie.
1299 1774 1352 1811 Et
1371 1773 1494 1812 solvet
1519 1773 1716 1813 sinodalia.

252 1830 399 1868 Verum
416 1842 533 1879 quam
551 1829 679 1878 sepius
697 1828 860 1877 contigit
882 1828 986 1878 quod
1017 1828 1121 1866 idem
1153 1828 1372 1878 capellanus
1403 1831 1559 1877 propter
1590 1840 1719 1865 curam

251 1884 428 1934 parochie
447 1883 497 1921 ad
515 1883 649 1920 horam
667 1882 820 1932 prandii
839 1882 1108 1920 canonicorum
1135 1882 1267 1920 venire
1291 1894 1371 1919 non
1389 1885 1539 1931 poterat
1558 1884 1596 1919 et
1615 1882 1714 1919 ha...

251 1942 441 1988 quantum
459 1937 508 1975 ad
531 1937 673 1975 cibaria
699 1949 768 1974 sua
793 1936 1036 1973 incommoda
1062 1935 1184 1974 multa
1211 1935 1429 1974 incurrebat
1456 1935 1504 1973 (10
1532 1948 1720 1973 consensu

253 1992 403 2030 abbatis
422 1995 460 2030 01
479 1993 692 2029 conventus
726 1994 764 2027 et
795 1990 917 2039 ipsius
949 1990 1083 2028 vicarii
1115 1990 1314 2040 provisum
1347 1992 1404 2027 est
1435 1989 1540 2039 quod
1567 1990 1650 2039 ipse
1669 1989 1719 2027 ad

253 2047 401 2084 victum
420 2059 533 2083 suum
551 2048 589 2083 et
608 2044 735 2083 clerici
748 2044 809 2082 sui
823 2048 861 2082 et
877 2044 966 2093 equi
980 2044 1040 2082 sui
1054 2044 1262 2082 necessaria
1274 2044 1318 2081 in
1333 2044 1435 2082 curia
1449 2044 1719 2082 canonicorum

253 2101 442 2150 accipiens
461 2099 511 2137 ad
530 2099 688 2137 domum
707 2111 814 2136 suam
833 2098 973 2136 deferri
990 2098 1104 2136 faciet
1123 2101 1161 2135 et
1188 2097 1243 2136 ibi
1271 2098 1326 2135 eis
1344 2110 1413 2147 pro
1432 2110 1500 2135 sua
1518 2098 1719 2135 voluntate

253 2158 394 2192 utetur.
452 2154 570 2191 Facta
588 2156 646 2191 est
664 2155 793 2190 autem
825 2152 896 2190 hec
927 2152 1095 2202 provisio
1127 2164 1195 2201 per
1212 2152 1437 2203 magistrum
1455 2152 1642 2190 Thomam
1670 2151 1717 2189 de

254 2208 366 2247 Cant'
386 2208 586 2247 officialem
602 2210 698 2246 tunc
716 2205 990 2245 Archidiaconi
1004 2205 1274 2255 Bukingham’.

328 2326 430 2359 DoN
438 2327 446 2358 ι
454 2325 638 2359 ΝΘΤΟΝ,
664 2314 819 2353 Vicaria
829 2314 873 2352 in
884 2313 1040 2352 ecclesia
1052 2313 1099 2352 de
1111 2313 1345 2361 Dunington
1355 2326 1429 2363 que
1441 2316 1498 2351 est
1510 2312 1718 2351 Abbatisse

253 2373 293 2408 et
325 2370 551 2407 monialium
584 2369 632 2407 de
666 2369 895 2407 Godestowe
926 2380 994 2417 per
1027 2368 1073 2406 R.
1105 2367 1408 2405 Ardidiaconum
1435 2367 1476 2405 N
1479 2364 1718 2416 orhamp'ton’

253 2424 402 2462 asscitis
435 2436 563 2461 secum
593 2423 797 2473 capellanis
826 2423 874 2460 de
907 2421 1094 2471 Eilesbyr'
1122 2424 1161 2459 et
1189 2421 1253 2459 W.
1285 2421 1420 2459 clerico
1448 2420 1718 2459 Archidiacon’

254 2478 513 2527 Bukingham'
529 2477 578 2515 ad
592 2477 820 2515 mandatum
838 2477 884 2514 R.
906 2474 1083 2513 Lincoln'
1103 2475 1257 2513 ecclesie
1277 2475 1425 2513 Decani
1444 2475 1618 2512 ordinata
1647 2478 1714 2513 est.

254 2533 292 2570 A
320 2533 461 2581 quibus
490 2531 647 2581 quidem
665 2534 724 2569 est
750 2531 948 2580 provisum
966 2530 1184 2579 porcionem
1211 2542 1327 2578 quam
1355 2530 1493 2567 Petrus
1520 2529 1718 2578 presbyter

254 2586 381 2624 tenuit
400 2586 450 2623 ad
473 2586 622 2623 firmam
648 2598 717 2635 pro
750 2585 880 2622 decem
916 2583 1052 2622 marcis
1088 2583 1131 2620 in
1162 2586 1386 2633 perpetuam
1413 2583 1592 2621 vicariam
1611 2583 1717 2620 illius

255 2640 410 2678 ecclesie
442 2639 633 2688 assignari.
693 2639 778 2687 Que
813 2638 942 2688 porcio
975 2637 1150 2675 consistit
1185 2637 1229 2674 in
1265 2640 1348 2675 toto
1389 2637 1569 2686 altaragio
1602 2639 1641 2673 et
1673 2637 1717 2673 in

255 2694 413 2731 decimis
439 2694 641 2744 garbarum
672 2693 719 2730 (10
747 2693 909 2730 Μο111111
941 2694 979 2729 01
1011 2692 1059 2729 (10
1087 2691 1343 2740 Wacrington
1374 2694 1413 2729 et
1442 2691 1489 2728 de
1518 2690 1640 2727 Eston
1667 2689 1717 2727 ad

255 2748 416 2785 eandem
452 2747 647 2785 ecclesiam
680 2746 974 2796 pertinentibus.
1045 2745 1171 2793 Quam
1207 2745 1426 2794 porcionem
1461 2744 1515 2782 sic
1551 2744 1716 2782 vicarius

254 2802 394 2840 habeat
421 2804 466 2838 ut
494 2801 542 2838 de
570 2801 762 2838 consuetis
794 2800 973 2838 oneribus
1005 2799 1215 2849 provideat.
1290 2799 1355 2837 Ad
1382 2810 1559 2836 mansum
1586 2800 1716 2835 autem

254 2856 389 2893 vicarii
400 2856 598 2905 provisum
617 2858 674 2893 est
684 2854 879 2904 quoddam
891 2853 1056 2892 croftum
1068 2853 1172 2903 quod
1185 2852 1325 2891 dicitur
1339 2851 1522 2892 Bencroft
1541 2851 1589 2890 de
1600 2864 1715 2901 supra

253 2909 410 2947 fontem.
