1844 3178
653 338 858 374 HUGONIS
896 340 1058 374 WELLS.
1541 332 1594 371 25

221 445 512 480 HAREWOUD.
549 438 702 477 Vicaria
719 439 762 476 in
781 437 936 476 ecclesia
963 438 1011 476 de
1039 437 1257 476 Harewoud
1276 450 1349 487 que
1378 441 1435 476 est
1454 440 1597 477 monia-

138 493 235 531 lium
252 493 397 530 ibidem
416 493 469 530 sic
489 495 545 530 est
565 493 748 531 ordinata.
805 492 982 529 Vicarius
1007 492 1167 530 habebit
1194 492 1349 529 nomine
1367 492 1506 530 vicarie
1529 507 1596 531 sue

138 547 284 584 victum
304 559 416 584 suum
434 546 639 584 honorifice
659 546 708 584 ad
725 558 896 583 mensam
915 546 1093 595 priorisse
1112 549 1150 583 et
1174 546 1268 583 duas
1287 557 1430 583 marcas
1449 559 1595 585 annuas

139 600 187 638 ad.
205 600 389 638 vestitum
408 603 447 638 et
467 600 682 638 oblaciones
700 612 786 637 suas
813 600 856 636 in
883 600 1092 649 majoribus
1118 599 1468 649 sollempnitatibus
1496 601 1597 638 sicut

138 654 358 692 continetur
370 654 412 691 in
427 654 690 692 consimilibus
703 653 864 691 vicariis,
907 653 1079 691 Habebit
1098 654 1218 691 eciam
1236 653 1369 690 fenum
1381 653 1430 690 ad
1445 653 1596 702 palefri-

139 708 232 745 dum
244 720 357 744 suum
369 710 408 745 et
419 720 507 746 cum
518 708 605 745 ierit
618 708 661 744 in
674 707 884 745 utilitatem
896 707 1032 744 domus
1044 707 1107 745 vel
1118 707 1167 744 ad
1181 706 1368 744 sinodalia
1379 710 1416 744 et
1428 708 1597 756 capitula

138 761 381 811 prebendam.
438 762 540 799 Item
558 761 717 799 habebit
749 773 926 798 mansum
959 764 1238 810 competentem
1270 761 1313 798 in
1344 761 1514 809 prioratu
1532 761 1597 799 vel

138 818 246 853 extra
264 818 378 864 prout
397 816 573 865 episcopo
591 815 719 853 visum
736 814 853 852 fuerit
872 815 940 852 ubi
959 827 1046 852 cum
1065 827 1216 853 necesse
1235 814 1351 852 fuerit
1374 814 1595 864 parochiani

138 869 198 906 sui
216 869 314 906 bene
343 869 493 918 possint
525 869 699 907 accedere
733 868 782 906 ad
813 869 952 918 ipsum.
1010 869 1112 906 Item
1144 868 1304 906 habebit
1333 868 1537 906 diaconum
1557 871 1596 906 et

136 922 350 972 garcionem
379 923 520 972 quibus
547 922 725 972 priorissa
751 922 825 960 loci
851 925 931 960 tam
954 922 996 960 in
1019 923 1238 960 necessariis
1265 922 1391 960 victus
1410 935 1525 972 quam
1552 923 1596 960 in

137 977 341 1083 [tipenfffis
359 977 575 1027 providebit
595 979 633 1014 et
651 976 755 1015 valet
773 976 914 1014 vicaria
942 973 1091 1028 [blank]
1124 976 1255 1014 totalis
1283 979 1411 1014 autem
1439 976 1596 1014 ecclesia

156 1030 270 1068 blank
289 1060 297 1069 .

218 1144 520 1178 PODlNGTON.
558 1137 711 1175 Vicaria
757 1138 800 1175 in
845 1137 1001 1175 ecclesia
1046 1136 1093 1174 de
1135 1136 1362 1186 Pudington
1417 1150 1492 1187 que
1537 1140 1595 1176 est

138 1192 406 1229 canonicorum
424 1191 472 1228 de
490 1191 666 1240 Eysseby
684 1191 859 1229 consistit
877 1192 920 1228 in
947 1194 1029 1229 toto
1049 1191 1229 1240 altaragio
1257 1194 1296 1228 et
1323 1191 1472 1228 duabus
1500 1192 1595 1229 acris

137 1247 235 1283 terre
253 1258 340 1282 cum
359 1257 491 1282 manso
510 1248 750 1295 competente
769 1248 806 1283 et
825 1246 929 1283 valet
947 1245 1088 1283 vicaria
1115 1245 1340 1282 auctoritate
1359 1245 1513 1283 concilii
1540 1246 1594 1283 sic

137 1299 312 1337 ordinata
330 1299 501 1349 quinque
516 1312 659 1338 marcas
679 1302 717 1337 et
735 1299 908 1349 amplius.
958 1299 1102 1337 Totalis
1121 1302 1249 1337 autem
1261 1298 1417 1337 ecclesia
1433 1297 1593 1352 [blank].

722 1379 738 1396 0

216 1413 527 1448 STlleGTON.
565 1406 718 1445 Vicaria
762 1407 804 1445 in
849 1406 1005 1444 ecclesia
1049 1406 1097 1443 de
1147 1406 1372 1455 Stiuington
1417 1419 1491 1456 que
1537 1410 1596 1445 est

135 1461 361 1498 monialium
382 1460 429 1498 de
448 1460 670 1498 Harewoud
697 1473 764 1510 per
791 1460 991 1499 dominum
1010 1461 1231 1510 episcopum
1258 1461 1312 1498 sic
1331 1460 1506 1499 ordinata
1524 1464 1592 1500 est.

136 1514 314 1552 Vicarius
334 1514 493 1552 habebit
511 1514 666 1552 nomine
686 1512 769 1567 [Fo.
788 1512 859 1567 8³.]
879 1515 1019 1553 vicarie
1038 1526 1104 1552 sue
1123 1517 1250 1552 totum
1268 1514 1494 1564 altaragium
1507 1528 1594 1553 cum

137 1569 316 1606 omnibus
330 1568 633 1606 obvencionibus
648 1571 686 1606 et
701 1568 858 1607 decimis
872 1569 1033 1606 minutis
1052 1571 1091 1606 et
1109 1568 1267 1606 decimis
1285 1568 1595 1607 molendinorum

132 1625 172 1660 et
190 1635 323 1660 manso
342 1622 567 1672 proximiori
587 1622 743 1660 ecclesie
763 1626 801 1660 et
819 1622 894 1660 alio
913 1634 1045 1660 manso
1065 1634 1114 1660 ex
1132 1621 1250 1660 altera
1268 1625 1375 1672 parte
1393 1623 1457 1660 vie
1480 1623 1595 1671 juxta

131 1688 278 1714 novum
292 1688 470 1714 mansum
484 1676 552 1725 qui
567 1676 676 1714 cedet
689 1676 732 1714 in
747 1679 895 1726 partem
909 1676 1143 1714 monialium.
1186 1676 1288 1714 Item
1301 1676 1462 1714 habebit
1478 1690 1595 1714 unam

131 1742 256 1768 acram
274 1731 374 1780 prati
390 1730 506 1779 juxta
524 1730 672 1768 fontem
690 1731 734 1768 in
752 1743 830 1768 uno
849 1730 931 1768 loco
950 1733 988 1768 et
1006 1730 1101 1768 alibi
1124 1730 1324 1768 dimidiam
1352 1743 1427 1780 que
1454 1730 1595 1768 dicitur

131 1783 168 1821 le
188 1784 330 1822 Holm:
358 1785 453 1822 item
480 1797 598 1822 unam
626 1797 751 1822 acram
768 1787 865 1823 terre
885 1797 960 1834 que
979 1784 1120 1822 dicitur
1138 1797 1222 1822 acra
1251 1784 1384 1822 Sancti
1411 1784 1452 1821 N
1453 1784 1594 1822 icholai

132 1841 170 1875 et
189 1841 265 1876 tres
283 1838 395 1876 rodas
413 1838 455 1875 in
475 1838 617 1888 campis
633 1839 749 1888 juxta
767 1839 926 1876 eandem
946 1851 1079 1876 acram.
1139 1838 1311 1876 Habebit
1329 1839 1447 1876 eciam
1463 1851 1595 1876 omnes

133 1891 298 1930 decimas
316 1892 518 1941 garbarum
538 1892 585 1929 de
605 1892 700 1930 villa
719 1892 766 1930 de
796 1892 991 1930 Paveham
1022 1904 1097 1941 que
1125 1895 1300 1941 spectant
1327 1892 1377 1929 ad
1399 1892 1594 1930 ecclesiam

132 1945 180 1983 de
201 1946 426 1995 Stiuington
446 1949 484 1983 et
504 1946 627 1984 solvet
642 1949 796 1984 tantum
813 1946 1000 1984 sinodalia
1015 1959 1023 1984 :
1051 1946 1237 1983 moniales
1252 1949 1381 1984 autem
1394 1945 1593 1984 habebunt

131 2002 269 2037 terram
290 2000 445 2038 ecclesie
462 1999 653 2038 residuam
681 2013 769 2038 cum
795 2013 897 2039 novo
925 2012 1057 2038 manso
1086 2002 1124 2038 et
1152 2012 1283 2038 omnes
1311 2000 1404 2038 alias
1426 1999 1594 2038 decimas

131 2054 333 2103 garbarum
352 2056 390 2092 et
410 2054 492 2091 feni
511 2056 549 2091 et
567 2054 783 2104 hospicium
803 2053 1078 2092 Archidiaconi
1103 2054 1373 2103 procurabunt.

212 2167 435 2202 ΒυΒΗΑΜ.
472 2161 626 2199 Vicaria
644 2162 686 2199 in
706 2162 861 2200 ecclesia
876 2162 923 2200 de
942 2161 1113 2200 Bruham
1128 2159 1419 2215 [Bromehaffi]
1440 2174 1515 2211 que
1535 2164 1592 2200 est

130 2215 398 2253 canonicorum
420 2215 467 2253 de
486 2215 704 2254 Kaldewell
733 2213 892 2269 [blank]

717 2286 731 2302 ⁸
742 2286 778 2312 In
796 2293 813 2312 a
829 2286 904 2312 later
921 2285 1006 2312 hand.

857 2935 1113 3008 (Ertaia.

504 3079 604 3127 Page
655 3081 712 3115 24.
778 3080 848 3116 For
870 3082 1082 3118 Bake-§dene
1102 3082 1190 3119 read
1215 3083 1436 3119 Rokresclcne.

628 3166 636 3178 1
650 3165 697 3178 ,ΧΑ
775 3166 807 3178 Π
834 3166 843 3178 1
903 3168 933 3178 ’τι
